2280 3432
162 66 271 130 20-25]
454 59 642 108 κιιιιοιιυ.
915 64 962 110 ιυι

161 170 193 205 τε
206 146 240 223 δή
255 147 340 224 ἵππον
354 141 438 202 αὐτοῦ
448 137 633 216 λαμβάνουσι
643 139 690 199 καὶ
699 138 784 202 αύτόν
793 139 966 218 ἀμυνάμενον

163 235 311 304 κτείνουσι,
326 229 383 290 κατ’
397 227 486 308 ἀρχάς
500 225 532 286 ού
543 225 698 304 δυνάμενοι·
715 227 900 289 ἐνεσκεύαστο
909 227 964 311 γὰρ

164 318 243 379 οὕτω·
266 318 342 384 ἐντός
358 316 470 394 θώρηκα
489 314 547 394 εἶχε
564 315 686 394 χρύσεον
700 317 863 378 λεπιδώτον·
886 315 965 376 κατύ-

164 409 250 485 περθε
270 409 300 467 δὲ
319 409 369 468 τοῦ
391 405 514 482 θώρηκος
533 405 635 464 κιθῶνα
655 407 796 480 φοινίκεον
819 403 964 465 ἐνδεδύκεε·

164 495 313 560 τύπτοντες
331 496 360 555 δέ
377 499 405 558 ἐς
420 493 470 553 τόν
486 491 605 569 θώρηκα,
621 493 729 552 ἐποίευν
745 493 833 553 οὐδέν·
854 494 920 572 πρίν
932 518 966 574 γε

166 581 200 658 δή
211 583 309 660 μαθών
322 609 364 646 τις
376 581 409 642 τό
423 579 595 656 ποιεύμενον,
605 581 680 639 παίει
693 607 742 658 μιν
756 585 783 644 ἐς
796 582 846 643 τόν
857 582 966 659 ὀφθαλ-

165 668 229 745 μόν·
251 669 322 730 οὕτω
339 669 373 745 δή
391 667 475 730 ἔπεσέ
490 691 521 725 τε
535 667 582 724 καὶ
595 665 724 728 ἀπέθανε.
765 667 853 730 ταῦτα
867 670 898 730 δέ
915 695 967 734 κως

165 755 298 835 γινόμενα
326 755 458 830 ἐλελήθεε
478 753 543 816 τούς
564 753 669 817 ἄλλους
691 756 799 819 ἱππέας·
828 757 891 818 οὔτε
911 758 966 840 γάρ

166 843 292 904 πεσόντα
301 869 350 920 μιν
360 843 433 902 εἶδον
446 840 503 900 ἀπό
513 844 563 900 τοῦ
575 841 661 902 ἵππου
671 841 734 901 οὕτε
744 842 966 921 ἀποθνήσκοντα·

167 928 360 1011 ἀναχωρήσιός
372 956 403 990 τε
416 929 562 1011 γινομένης
575 929 621 986 καὶ
638 928 822 1006 ὑποστροφῆς
841 932 890 991 οὐκ
904 934 968 1009 ἐμα-

168 1019 219 1078 θον
239 1019 272 1079 τὰ
295 1017 453 1100 Ιγενόμενον,
470 1017 532 1075 ἐπεί
545 1041 575 1076 τε
594 1016 623 1074 δέ
643 1017 774 1092 ἔστησαν,
792 1018 891 1078 αὐτίκα
905 1018 967 1079 ἐπό-

169 1106 264 1177 θεσαν,
283 1105 318 1170 ὥς
335 1113 426 1183 σφεας
443 1103 531 1168 οὐδεὶς
549 1103 616 1182 ἧνὸ
636 1103 760 1166 τάσσων·
785 1106 920 1182 μαθόντες
938 1108 968 1168 δὲ

167 1195 201 1256 τὸ
220 1195 343 1276 γεγονός,
365 1192 611 1269 διακελευσάμενοι
634 1191 756 1269 ήλαυνον
779 1194 844 1258 τούς
869 1196 969 1258 ἵππους

169 1280 277 1352 πάντες,
291 1281 327 1345 ώς
340 1279 374 1342 ἂν
386 1280 436 1342 τόν
448 1306 481 1362 γε
495 1279 592 1357 νεκρόν
609 1278 765 1356 ἀνελοίατο.
806 1281 923 1346 Ἰδόντες
939 1283 1016 1342 δέ23

169 1372 197 1428 οἱ
209 1368 352 1446 Ἀθηναῖοι
365 1368 456 1429 ούκέτι
470 1366 540 1427 κατά
553 1367 637 1427 τέλεα
650 1369 893 1445 προσελαύνοντας
905 1369 970 1434 τούς

170 1458 276 1530 ἱππέας,
293 1455 391 1516 ἀλλ’
373 1483 432 1534 αμα
450 1455 564 1527 πάντας,
578 1455 630 1532 τήν
646 1455 739 1532 ἀλλην
756 1457 891 1535 στρατιήν
910 1463 969 1517 ἐπε-

168 1545 313 1623 βώσαντο·
342 1542 411 1606 ἐν’
391 1573 412 1624 ῳ
433 1543 494 1604 δὲ
479 1573 494 1606 ο
511 1572 546 1605 πε
547 1544 594 1617 ζος
612 1544 684 1609 ἅπας
704 1545 864 1621 ἐβώθεε,ἐν
835 1545 999 1612 εντούτω

168 1633 246 1714 μάχη
263 1634 340 1705 ὀξεῖα
355 1633 419 1711 περὶ
435 1658 486 1693 του
509 1636 607 1711 νεκροῦ
628 1633 743 1714 γίνεται.
785 1633 834 1697 ἕως
851 1634 903 1712 μέν
922 1659 970 1696 νυν

168 1728 266 1800 μοῦνοι
284 1721 360 1800 ήσαν
374 1725 401 1782 οἱ
412 1718 578 1800 τριηκόσιοι,
594 1720 731 1781 ἑσσοῦντό
746 1747 777 1782 τε
792 1721 903 1783 πολλὸν
924 1721 970 1782 καὶ

169 1809 219 1877 τὸν
232 1810 328 1888 νεκρόν
338 1808 502 1870 ἀπέλειπον·
519 1808 555 1873 ώς
568 1809 598 1868 δέ
612 1815 668 1886 σφι
680 1808 713 1870 τὰ
727 1811 836 1886 πλῆθος
850 1809 969 1887 ἐπεβοή-

171 1897 317 1973 θησαν,
284 1924 355 1957 ουτω
365 1897 442 1972 δή’
411 1898 502 1957 ουκέτι
513 1900 540 1957 οἱ
555 1896 670 1958 ιππόται
679 1895 823 1974 ύπέμενον,
838 1897 886 1957 ούδ
889 1924 901 1956 ε
894 1899 971 1975 σφι

171 1983 360 2065 ἐξεγένετο
327 2011 378 2045 τον
396 1983 493 2061 νεκρόν
509 1983 669 2045 ἀνελέσθαι·
693 1985 771 2046 ἀλλά
788 2012 859 2063 προς
879 1986 1008 2072 ἐκείνῳ

171 2069 278 2135 ἀλλους
295 2071 575 2149 προσαπώλεσαν
536 2098 591 2132 των
605 2074 718 2134 ἱππέων.
759 2073 971 2151 ἀποστήσαντες

171 2157 209 2219 ὧν
225 2158 295 2220 ὅσον
312 2186 344 2220 τε
362 2158 411 2218 δύο
429 2157 501 2220 στάδ
503 2185 539 2234 ια,
554 2160 770 2236 ἐβουλεύοντο
753 2190 769 2222 ο
787 2189 815 2222 τι
832 2161 915 2241 χρεόν
929 2163 970 2239 ε’ίη

170 2248 288 2319 ποιέειν;
310 2247 401 2308 ἐδόκεε
414 2249 446 2308 δέ
458 2254 523 2325 σφι,
537 2247 669 2328 ἀναρχίης
683 2251 791 2327 ἐούσης,
805 2250 971 2311 ἀπελαύνειν

171 2336 249 2415 παρὰ
264 2336 430 2415 Μαρδόνιον.
471 2334 656 2412 Ἀπικομένης
673 2337 702 2396 δέ
719 2343 770 2414 τῆς
789 2339 875 2398 ἵππου
894 2343 921 2402 ἐς
937 2336 1018 2399 τδ24
1039 2393 1051 2414 ‚

171 2425 368 2503 στρατόπεδον,
393 2425 494 2489 πένθος
518 2424 686 2500 ἐποιήσαντο
707 2427 871 2488 Μασιστίου
891 2427 971 2487 πᾶσά

171 2539 202 2574 τε
225 2513 244 2590 ἡ
268 2513 386 2591 στρατιή
409 2512 455 2572 καὶ
478 2511 636 2592 Μαρδόνιος
658 2513 803 2595 μέγιστον,
825 2515 918 2592 σφέας
940 2541 971 2576 τε

171 2599 271 2664 αύτούς
286 2602 421 2679 κείροντες
439 2602 485 2662 καὶ
502 2601 567 2664 τούς
585 2601 685 2666 ἵππους
705 2603 751 2662 καὶ
770 2602 806 2662 τά
826 2602 969 2683 ὑποζύγια,

172 2693 279 2770 οἰμωγή
305 2715 336 2750 τε
362 2689 514 2769 χρεώμενοι
540 2688 661 2770 ἀπλέτῳ·
697 2689 811 2751 ἅπασαν
837 2690 891 2772 γάρ
919 2690 971 2767 τήν

171 2779 307 2854 Βοιωτιην
326 2781 436 2858 κατεῖχε
452 2777 522 2858 ήχώ·
544 2778 579 2842 ώς
596 2777 694 2856 ἀνδρός
710 2777 887 2855 ἀπολομένου
900 2777 972 2856 μετά

170 2892 205 2948 γε
224 2866 385 2945 Μαρδόνιον
405 2865 599 2947 λογιμωτάτου
620 2866 697 2944 παρά
716 2893 748 2927 τε
772 2867 905 2946 Πέρσησι
926 2892 972 2924 και

171 2955 300 3030 βασιλέϊ.
343 2957 380 3014 Οἱ
396 2955 449 3031 μέν
466 2979 514 3014 νυν
526 2953 673 3031 βάρβαροι
686 2955 780 3032 τρόπῳ
793 2959 831 3032 τῷ
844 2954 971 3033 σφετέρῳ
980 2955 1018 3013 25

172 3042 349 3103 ἀποθανόντα
369 3041 469 3120 ἐτίμων
485 3044 657 3102 Μασίστιον·
685 3045 711 3101 οἱ
730 3041 759 3100 δέ
771 3041 919 3116 Ἕλληνες,
937 3040 971 3104 ὦς

173 3129 223 3206 τήν
241 3131 327 3192 ἵππον
348 3129 474 3201 ἐδέξαντο
492 3129 740 3210 προσβάλλουσαν
761 3130 807 3188 καὶ
827 3129 970 3208 δεξάμενοι

173 3215 290 3288 ὤσαντο,
311 3217 474 3291 ἐθάοσησάν
491 3245 522 3277 τε
545 3221 645 3295 πολλῷ
665 3221 787 3294 μᾶλλον,
809 3218 855 3277 καὶ
874 3221 971 3296 πρῶτα
