2204 3430
154 117 263 183 90-92]
453 119 658 173 ναννικονιι.
922 126 954 174 ιι

153 199 278 275 ὕβρίσας
299 199 426 278 ἐξέβαλε,
440 200 524 272 δόξαν
542 201 572 261 δὲ
592 200 688 278 φύσας
705 199 860 271 αὐξάνεται·
880 200 954 263 ὥστε

153 287 364 364 ἐκμεμαθήκασι
376 289 505 367 μάλιστα
517 292 570 368 μὲν
583 293 609 350 οἱ
622 291 758 368 περίοικοι
770 287 860 350 αὐτῶν
867 295 953 350 Βοιώ·

151 375 198 435 τοὶ
211 377 257 437 καὶ
269 378 430 448 Χαλκιδέες,
444 377 519 458 τάχα
532 379 564 438 δέ
579 405 621 442 τις
634 380 680 438 καὶ
693 376 783 440 ἄλλος
796 377 951 455 ἐκμαθήσε-

151 489 198 524 ται
217 465 356 543 ἁμαρτών.
383 466 445 526 ε’πεί
455 489 487 528 τε
500 467 530 528 δὲ
544 470 634 528 έκεῖνο
646 465 816 544 ποιήσαντες
828 464 952 544 ἦμάρτο-

150 577 211 630 μεν,
232 558 282 614 νῦν
303 553 497 633 πειρησόμεθα
520 561 613 632 σφεας
636 555 694 633 ἅμα
720 554 785 633 ύμῖν
806 553 953 631 άκεόμενοι

150 640 297 702 τίσασθαι·
318 641 404 703 αύτοῦ
425 643 480 725 γάρ
504 643 607 705 τούτου
629 645 729 704 εἵνεκεν
750 643 830 704 τόνδε
850 669 882 703 τε
901 642 952 704 τόν

149 725 262 806 Ἱππίην
274 731 521 810 μετεπεμψάμεθα,
535 733 582 791 καὶ
596 732 682 809 ύμέας
695 730 751 792 άπό
767 735 822 792 τῶν
834 731 949 804 πολίων,

150 817 196 877 ἵνα
208 823 290 898 κοινῷ
302 845 333 879 τε
346 819 423 900 λόγῳ
437 820 483 878 καὶ
497 825 577 900 κοινῷ
590 821 685 900 στόλιρ
700 819 886 901 ἐσαγαγόντες
904 817 951 878 αὖ·

148 904 201 964 τόν
213 909 242 968 ές
254 906 304 968 τὰς
316 905 437 980 Ἀθήνας
450 906 596 982 ἀποδῶμεν
609 907 646 966 τὰ
659 908 705 966 καὶ
718 905 918 983 άπειλόμεθα.”

192 995 230 1052 Οἱ
242 995 294 1068 μὲν
306 997 394 1052 ταῦτα
407 993 515 1074 ἔλεγον·
535 997 590 1055 τῶν
603 995 633 1052 δὲ
646 993 803 1071 συμμάχων
822 991 856 1052 τό
876 995 949 1069 πλῆ-
959 995 998 1056 92

150 1080 200 1142 θος
217 1079 268 1140 οὐκ
284 1080 421 1140 ἐνεδέκετο
441 1077 507 1144 τούς
527 1079 641 1162 λόγουςι
682 1083 710 1140 οἱ
727 1080 779 1156 μέν
799 1104 848 1140 νυν
864 1078 949 1144 ἄλλοι

149 1165 272 1246 ἡσυχίην
284 1167 525 1248 ἦγον,ιΚορίνθιος
538 1169 568 1228 δὲ
582 1169 744 1244 Σωσικλέης
757 1167 834 1238 ἔλεξε
846 1166 921 1228 τάδε.

190 1255 255 1315 “Ἠ
269 1255 303 1333 δη
317 1256 377 1317 ὅτε
393 1255 507 1335 οὐρανός
520 1258 600 1318 ἔσται
614 1257 705 1335 ἔνερθε
718 1260 768 1333 τῆς
787 1259 841 1337 γῆς
861 1255 908 1314 καὶ
928 1255 948 1333 ἦ
969 1312 972 1318 .

147 1345 187 1423 γῆ
206 1345 342 1422 μετέωρος
354 1343 424 1422 ύπὲρ
437 1349 488 1405 τοῦ
502 1344 627 1424 ούρανοῦ,
643 1345 690 1404 καὶ
704 1347 730 1404 οἱ
744 1341 884 1422 ἄνθρωποι
904 1369 948 1404 νο-

147 1430 203 1506 μόν
216 1437 245 1492 ἐν
258 1432 393 1511 θαλάσση
407 1433 503 1503 ἕξουσι
521 1434 568 1492 καὶ
586 1437 613 1493 οἱ
632 1432 725 1513 ἰχθύες
743 1433 794 1494 τόν
811 1431 949 1510 πρότερον

148 1517 296 1596 ἅνθρωποι,
318 1520 364 1581 ὅτε
385 1545 419 1601 γε
439 1521 525 1598 ύμεῖς,
548 1520 569 1580 ὦ
588 1521 811 1600 Λακεδαιμόνιοι,
835 1523 948 1598 ἰσοκρα-

147 1607 208 1670 τίας
225 1607 408 1672 καταλύοντες
426 1611 588 1687 τυραννίδας
605 1615 633 1673 ἒς
649 1611 700 1674 τὰς
714 1610 798 1673 πόλις
816 1608 947 1690 κατάγειν

147 1695 403 1771 παρασκευάζεσθε·
429 1701 480 1758 τοῦ
504 1697 568 1758 ούτε
590 1697 754 1776 άδικώτερον
777 1696 857 1758 ούδέν
883 1702 945 1756 ε’στι

147 1781 208 1842 κατ’
227 1782 389 1862 ἀνθρώπους
414 1783 478 1845 οὔτε
504 1787 734 1864 μιαιφονώτερον.
776 1789 800 1846 εί
826 1784 882 1866 γάρ
910 1783 945 1861 δὴ

146 1871 230 1932 τοῦτό
249 1897 283 1952 γε
306 1871 394 1932 δοκέει
414 1871 480 1949 ύμῖν
501 1873 570 1932 εἶναι
591 1873 725 1952 χρηστόν,
749 1873 822 1932 ὥστε
846 1897 944 1948 τυραν-

147 1957 276 2018 νεύεσθαι
295 1959 346 2022 τοὶς
365 1959 457 2027 πόλις,
479 1959 559 2018 αὐτοὶ
580 1963 685 2036 πρώτοι
704 1959 838 2036 τύραννον
862 1983 943 2018 κατα-

147 2044 323 2121 στησάμενοι
345 2045 423 2122 παραὶ
445 2048 533 2123 σφίσι
557 2045 675 2117 αύτοῖσι,
699 2045 769 2105 οὕτω
796 2045 842 2104 καὶ
867 2049 944 2106 τοῖσι

146 2131 266 2192 ἄλλοισι
283 2133 397 2211 δίζησθε
418 2133 591 2196 κατιστάναι·
611 2138 660 2196 νῦν
680 2134 718 2204 δὲ,
737 2133 816 2194 αύτοὶ
837 2132 945 2212 άπειροι

146 2219 238 2286 ε’όντες
254 2222 400 2300 πιράννων,
414 2224 460 2284 καὶ
481 2223 679 2301 φυλάσσοντες
697 2221 840 2284 δεινότατα
858 2227 942 2285 τοῦτο

146 2315 176 2371 ε’ν
196 2315 232 2391 τῇ
253 2312 369 2393 Σπάρτῃ
391 2313 433 2390 μὴ
454 2313 595 2396 γενέσθαι,
619 2313 805 2393 παραχρᾶσθε
830 2317 857 2376 ἐς
879 2312 944 2378 τούς

144 2400 322 2481 συμμάχους.
363 2406 387 2462 εἰ
411 2403 441 2462 δὲ
466 2401 554 2462 αὐτοὶ.
575 2403 701 2482 ἔμπειροι
729 2401 791 2461 ἔατε
821 2399 943 2480 κατάπερ

144 2489 232 2564 ἡμεῖς,
247 2491 334 2569 εἴχετε
352 2489 387 2550 ἂν
404 2490 469 2568 περὶ
486 2489 570 2550 αὐτοῦ
587 2489 699 2572 γνώμας
711 2489 858 2568 ἀμείνονας
872 2515 944 2567 συμ-

143 2577 310 2653 βάλλεσθαι
328 2578 400 2656 ἥπερ
421 2582 479 2639 νῦν.

184 2668 433 2731 ΚΟΡΙΝΘΙΟΙΣΙ
452 2666 509 2748 γάρ
525 2665 560 2742 ἦν
579 2664 679 2730 πόλιος
700 2665 874 2728 κατάστασις
882 2691 944 2748 ιτοι·

144 2751 203 2828 ήδε·
223 2753 258 2829 ἦν
271 2754 429 2836 ὀλιγαρχίη,
444 2755 490 2812 καὶ
510 2751 588 2814 οὗτοι
601 2753 757 2833 Βακχιάδαι
777 2751 944 2829 καλεόμενοι

145 2841 242 2916 ἔνεμον
253 2840 305 2916 τὴν
317 2841 412 2902 πόλιν·
433 2842 562 2901 ε’διδοσαν
581 2841 611 2900 δὲ
628 2841 674 2900 καὶ
693 2840 797 2920 ἤγοντο
810 2839 841 2908 ἐξ
853 2838 944 2913 α’λλή-

145 2931 211 2988 λων.
251 2926 386 3005 Ἀμφίονι
405 2929 444 3000 δὲ,
458 2928 531 2989 ἐόντι
549 2927 654 2988 τούτων
673 2931 729 2988 τών
744 2926 858 3001 οἷνδρῶν,
871 2923 944 3000 γίνε-

142 3043 189 3078 ται
203 3015 327 3098 θυγάτηρ
339 3015 428 3094 χωλή·
450 3015 555 3093 οὔνομα
567 3015 599 3074 δέ
611 3017 638 3074 οἱ
650 3013 685 3089 ἦν
698 3011 811 3085 Λάβδα·
831 3006 943 3108 ταύτην,

143 3103 323 3184 Βακχιαδέων
340 3103 396 3183 γάρ
413 3103 501 3166 ούδεὶς
520 3103 607 3178 ἤθελε
625 3104 723 3180 γῆμαι,
738 3089 944 3192 ἶσχεῑζΗξῗῑωῖ

143 3192 159 3252 ό
171 3191 364 3274 Ἐχεκράτεος,
378 3189 467 3267 δήμου
483 3193 535 3268 μὲν
550 3189 593 3270 [ἐκ
607 3181 729 3261 Πέτρης]
743 3177 802 3245 ἕῶνι
817 3197 895 3280 ῗΤαΡΙ
907 3195 944 3230 ‘sa

143 3279 277 3343 ἀνέκαθεν
290 3279 420 3353 Λαπίθης
432 3303 464 3340 τε
478 3278 524 3337 καὶ
538 3271 694 3344 Καινείδης·
716 3270 746 3322 ⁶⁹¹<
760 3260 791 3318 δέ
804 3283 831 3318 ⁰2
842 3279 945 3331 ’ΝΜ
