2294 3430
173 79 221 130 τοι
477 75 660 126 Ἤτοιοτου
896 63 973 137 [vn.

172 159 223 218 τοῦ
251 155 359 232 Ξέρξεω
389 153 597 233 στρατεύματος
623 151 749 230 οἷριθμός·
783 155 919 232 γυναικῶν
945 153 976 212 δὲ

172 243 345 313 σιτοποιέων,
370 243 417 301 καὶ
443 242 618 311 παλλακέων,
644 242 690 298 καί
717 238 863 318 εὐνούχων,
886 239 976 304 ούδείς

173 328 208 392 ἂν
221 331 293 390 εἴποι
306 329 422 407 α’τρεκέα
440 327 567 407 ἀριθμόν·
581 327 646 388 ὀὐδ’
663 327 697 387 αὖ
714 327 868 408 όποζυγίων
883 353 914 387 τε
930 305 1072 476 staff

172 423 227 479 τῶν
254 417 350 478 σ”λλων
376 417 495 494 κτηνέων
519 421 575 478 τῶν
601 415 780 496 ἀχθοφόρων·
816 415 862 473 καὶ
888 419 960 476 κυνῶ

173 503 293 566 Ἰνδικῶν
305 508 361 566 τῶν
374 504 521 582 ἑπομένων,
536 503 592 564 οὐδ’
607 501 643 564 ἂν
659 503 763 564 τούτων
779 501 835 562 ὑπό
852 502 976 578 πλήθεος

174 592 261 656 ούδείς
287 591 321 652 ἂν
348 593 420 652 εἴποι
448 591 577 669 α’ριθμόν.
619 591 692 652 ὥστε
720 590 798 651 ούδέν
823 615 873 666 μοι
895 591 976 668 θῶμα

174 680 344 757 παρίσταται
358 678 511 756 προδοῦναι
526 678 563 738 τὰ
578 679 679 757 ῥέεθρα
694 683 750 738 τῶν
764 681 898 754 ποταμῶν
914 679 976 739 ἔστι

174 771 237 838 τῶν,
253 765 330 827 ἄλλό
351 771 465 844 μᾶλλον
480 765 549 830 ὅκως
563 767 599 827 τοὶ
617 767 695 826 σιτία
713 765 876 844 ἀντέχρησε,
896 766 976 842 θῶμά

146 877 148 882 ·
174 861 236 933 μοι,
252 853 369 932 μυριάσι
389 853 555 934 τοσαύτῃσι·
584 853 703 930 εύρίσκω
723 852 778 934 γόρ
805 853 975 929 συμβαλλό-

173 967 264 1020 μενος,
279 947 303 1002 εἰ
321 943 432 1022 χοίνικα
450 945 545 1018 πυρῶν
565 942 682 1004 ἕκαστος
702 944 753 1016 τῆς
768 939 873 1017 ἡμέρης
889 939 975 1018 ε’λόμ-

172 1031 245 1106 βανε
266 1030 313 1088 καὶ
334 1030 420 1107 μηδὲν
443 1030 540 1099 πλέον,
563 1029 658 1090 ἕνδεκα
680 1026 815 1105 μυριάδας
837 1027 975 1104 μεδίμνων

172 1119 337 1194 τελεομένας
352 1115 395 1176 ἐπ’
410 1115 501 1195 ἦμέρη
519 1115 632 1196 έκόο-ιζη,
647 1117 693 1175 καὶ
707 1114 786 1193 πρός,
799 1115 975 1192 τριηκοσίους

173 1229 204 1264 τε
224 1203 330 1268 ἄλλους
345 1204 492 1282 μεδίμνους
510 1206 557 1264 καὶ
576 1202 793 1282 τεσσεράκοντα·
816 1203 924 1284 γυναιξὶ
944 1204 974 1264 δὲ

173 1291 220 1350 καὶ
241 1291 399 1370 εὐνούχοισι
420 1292 467 1350 καί
487 1290 663 1373 ὑποζυγίοισι
683 1291 730 1350 καί
751 1290 825 1361 κυσὶ,
841 1289 874 1350 ού
896 1291 974 1372 λογί-

173 1380 264 1456 ζομαι.
306 1378 411 1456 ἀνδρῶν
437 1379 461 1438 δ’
489 1380 608 1440 εὀοσέων
633 1378 788 1440 τοσουτέων
812 1379 973 1456 μυριαδέων,

173 1465 294 1530 κόλλεός
325 1491 357 1526 τε
387 1466 477 1528 εἵνεκα
512 1466 558 1525 καὶ
593 1465 730 1547 μεγάθεος
763 1465 851 1530 οὐδεὶς
884 1465 973 1526 αὐτῶν

173 1553 375 1631 σ’ξιονικότερος
402 1551 437 1629 ἦν
465 1551 550 1613 αύτοῦ
583 1554 692 1632 Ξέρξεω
725 1556 799 1633 ἔχειν
827 1558 910 1614 τοῦτο
939 1553 973 1616 τό

174 1638 286 1718 κρότος.

127 1730 185 1788 188
213 1727 248 1786 Ὀ
262 1727 292 1788 δὲ
305 1726 339 1803 δη
353 1725 479 1790 ναυτικῶς
493 1728 614 1806 στρατός
628 1728 690 1788 ε’πεί
700 1753 731 1788 τε
741 1726 873 1806 ὁρμηθεὶς
883 1729 972 1798 ἔπλεε,

167 1814 220 1876 ’καί
236 1816 357 1894 κατέσχε
372 1818 423 1892 τῆς
439 1816 608 1898 Μαγνησίης
623 1815 716 1895 χοίρης
731 1820 759 1880 ές
776 1813 827 1876 τόν
843 1815 974 1896 αἰγιαλόν

172 1902 222 1964 τόν
238 1903 343 1982 μεταξύ
361 1904 544 1981 Κασθαναίης
560 1931 592 1964 τε
609 1904 709 1968 πόλιος
725 1903 806 1964 ε’όντα
822 1904 869 1962 καὶ
886 1905 971 1979 Σηπι-

173 1991 239 2056 άδος
251 1991 344 2069 ἀκτῆς,
357 1994 388 2052 αἱ
400 1993 452 2068 μὲν
465 1991 499 2067 δη
513 1995 620 2070 πρῶται
633 1995 689 2052 τῶν
701 1995 769 2052 νεῶν
782 1990 888 2068 ὥρμεον
901 1992 972 2069 πρός

171 2083 218 2161 γῇ,
233 2079 321 2139 όλλαι
334 2079 356 2140 δ’
370 2078 412 2139 ἐπ’
427 2080 548 2158 ε’κείνησι
566 2078 608 2140 ἐπ’
623 2078 771 2160 οἷγκυρέων·
792 2078 841 2138 ἅτε
853 2078 967 2159 γοίρτοΐ

173 2171 303 2247 αἰγιαλοῦ
323 2166 416 2230 ἰόντος
435 2165 468 2225 ού
487 2165 621 2247 μεγάλου,
639 2165 819 2244 πρόκροσσαι
838 2164 973 2243 ὁρμέοντο
1021 2173 1024 2178 ’

173 2259 200 2317 ές
213 2253 323 2327 πόντον,
336 2254 382 2312 καὶ
396 2254 441 2314 ἐπὶ
454 2252 525 2314 όκτῶ
539 2254 611 2318 νέος·
630 2253 734 2330 ταύτην
746 2257 798 2331 μὲν
806 2251 859 2329 τήν
872 2252 971 2332 εύφρό-
1034 2278 1041 2302 ³

172 2366 223 2418 νην
235 2340 314 2402 οὕτω·
335 2339 395 2418 ἅμα
407 2341 437 2400 δὲ
447 2327 555 2421 ’όρθριμ
570 2341 601 2412 ἐξ
616 2343 722 2418 αἰθρίης
734 2367 766 2402 τε
784 2341 830 2400 καὶ
843 2341 973 2418 νηνεμίης
1016 2311 1038 2434 ξ

172 2431 223 2506 τῆς
250 2426 399 2504 θαλάσσης
425 2427 556 2506 ζεσάσης,
584 2429 703 2488 ἐπέπεσέ
729 2434 786 2505 σφι
811 2427 916 2507 χειμόν
940 2454 973 2490 τε
1014 2450 1037 2516 ,χ’

171 2515 260 2597 μέγας
270 2516 315 2574 καί
328 2513 438 2580 πολλός
451 2514 551 2593 ἄνεμος
564 2514 733 2592 οἷτηλιιύτης,
742 2515 793 2576 τόν
803 2515 837 2592 δη
847 2514 972 2594 Ἑλλησ·
1011 2559 1029 2610 2

172 2603 288 2679 ποντίην
302 2603 435 2662 καλέουσι
448 2605 475 2662 οἰ
488 2603 552 2681 περὶ
564 2608 653 2664 ταῦτα
667 2603 702 2662 τοὶ
720 2603 809 2682 χωρία
821 2605 972 2680 οἰκημένοι.
992 2617 1031 2712 κζ

174 2689 240 2750 ὅσοι
260 2689 312 2767 μέν
333 2714 380 2750 νυν
400 2688 490 2750 αὐτῶν
510 2689 661 2768 αὐξόμενον
682 2691 785 2768 ἔμαθον
800 2690 850 2751 τόν
870 2690 1027 2771 ἅνεμονῆ
1131 2739 1132 2767 ,

173 2777 220 2838 καί
231 2780 308 2838 τοῖσι
318 2776 388 2837 αι”ντω
399 2777 457 2856 εἰχε
467 2778 563 2855 ὅρμου,
575 2782 602 2838 οἰ
614 2777 637 2838 δ’
648 2779 778 2859 ἔφθησαν
786 2778 837 2839 τόν
849 2784 973 2858 χειμῶνα
999 2786 1050 2864 Q

173 2863 388 2928 ἀνασπάσαντες
402 2864 452 2928 τοίς
470 2866 540 2936 νέας,
557 2866 603 2924 καὶ
625 2865 706 2926 αύτοί
719 2891 750 2927 τε
767 2869 908 2943 περιῆσαν
926 2868 972 2926 καὶ

173 2955 203 3012 αἰ
219 2953 277 3016 νέες
296 2951 395 3013 αὐτῶν·
415 2950 485 3016 ὅσας
505 2953 535 3012 δὲ
554 2957 609 3014 τῶν
623 2957 691 3015 νεῶν
703 2953 857 3031 μεταρσίας
874 2955 971 3030 ἔλαβε,

171 3038 223 3104 τός
238 3043 289 3117 μὲν
309 3039 423 3118 ἐξέφερε
439 3039 510 3116 πρός
527 3039 636 3104 Ἰπνούς
655 3040 839 3117 καλεομένους
858 3039 923 3104 τούς
943 3045 973 3101 ἐν

165 3128 281 3206 Πηλίῳ,
294 3126 345 3191 τοὶς
357 3127 387 3187 δὲ
401 3131 428 3190 ές
440 3126 489 3187 τόν
503 3126 641 3208 αἰγιαλόν·
662 3131 691 3187 αἱ
705 3127 735 3188 δὲ
744 3127 808 3204 περὶ
820 3125 907 3202 αύτήν
918 3126 972 3202 τήν

175 3214 302 3287 Σηπιάδα
317 3215 507 3293 περιέπιπτον,
525 3218 555 3274 αἱ
571 3214 600 3274 δέ
613 3219 641 3278 ές
657 3215 819 3291 Μελίβοιαν
831 3211 926 3282 πόλιν,
941 3217 971 3274 αἰ
