2294 3430
185 101 325 166 ιτς-133]
480 61 485 72 ’
551 98 664 148 nmo.
766 139 768 144 .
934 101 982 150 ιιι

183 209 233 242 τον
254 179 386 261 ἀργυρίου
406 175 513 257 ἐκάστιρ
534 177 637 255 δωρεήν
657 177 755 252 δίδωμι
777 178 828 252 τῆς
851 174 981 246 άξιύσιος

185 355 258 430 μίης·
278 357 316 433 τῷ
329 353 358 413 δέ
370 351 561 430 Ἀλκμαίωνος
570 352 718 431 Μεγακλέϊ
731 356 820 433 ἐγγυῶ
833 352 920 411 παῖδα
932 352 984 428 τήν

185 441 254 516 ἐμήν
266 441 445 522 Ἀγαρίστην,
460 438 573 515 νόμοισι
585 442 662 499 τοῖσι
674 437 852 515 Ἀθηναίων·”
893 441 983 516 φαμέ-

185 529 284 588 νου·δέ
308 505 464 609 ἐγγυᾶσθαι
485 527 658 607 Μεγακλέος,
681 525 830 604 ἐκεκύρωτο
854 526 870 586 ὁ
893 525 983 607 γάμος

184 616 360 676 Κλεισθένεϊ.

223 702 315 779 Ἀμφὶ
343 703 395 777 μὲν
424 699 532 776 κρίσιος
559 702 615 759 τῶν
642 699 810 776 μνηστήρων
835 703 1024 760 τοσαῦτα13]

183 789 301 868 ἐγένετο,
327 788 373 846 καὶ
396 787 467 845 οὕτω
490 786 706 862 Ἀλκμαιωνῶαι
733 786 905 862 ἐβώσθησαν
929 786 983 848 ἀνῶ

183 875 236 949 τήν
261 873 402 932 Ἐλλάδα·
432 871 537 932 τούτων
566 873 596 930 δέ
621 872 854 947 συνοικησάντων,
877 873 983 951 γίνεται

185 959 360 1033 Κλεισθένης
382 983 414 1017 τε
437 956 453 1016 ὁ
474 957 524 1020 τάς
544 957 637 1032 φυλάς
659 958 705 1016 καὶ
724 957 776 1032 τήν
797 958 983 1035 δημοκρατίην

184 1046 361 1120 Ἀθηναίοισι
373 1043 562 1118 καταστήσας,
585 1045 654 1122 ἔχων
675 1044 708 1104 τὸ
730 1043 836 1120 οὕνομα
856 1043 912 1104 άπδ
933 1050 983 1104 τοῦ

184 1131 398 1210 μητροπάτορος
420 1135 471 1192 τοῦ
494 1131 653 1194 Σικυωνίου·
674 1129 754 1194 οὗτός
773 1157 805 1191 τε
825 1131 859 1207 δή
878 1133 984 1212 γίνεται

186 1218 340 1300 Μεγακλέϊ,
368 1219 414 1278 καὶ
436 1217 630 1295 Ἱπποκράτης.
672 1224 702 1279 ἐκ
726 1219 756 1278 δέ
778 1217 983 1294 Ἱπποκράτεος,

186 1308 354 1387 Μεγακλέης
366 1333 398 1366 τε
417 1305 513 1379 ἄλλος,
528 1306 574 1364 καὶ
586 1305 742 1387 Ἀγαρίστη
760 1305 845 1382 άλλη,
859 1304 916 1364 οϊπδ
934 1309 984 1381 τῆς

187 1396 374 1457 Κλεισθένεος
385 1393 556 1474 Ἀγαρίστης
576 1395 682 1473 ἔχουσα
698 1393 732 1454 τὸ
750 1391 864 1469 ούνομα·
884 1391 904 1468 ἢ
920 1418 984 1454 συν·

187 1481 330 1557 οικήσασά
350 1507 381 1542 τε
400 1482 553 1560 Ξανθίππῳ
574 1485 613 1560 τῷ
633 1480 800 1558 Ἀρίφρονος
822 1479 867 1539 καὶ
888 1481 985 1561 ἔγκυος

188 1573 274 1628 ἐοῦσα
287 1569 341 1628 εἶδε
354 1568 419 1648 ὄψιν
432 1575 461 1629 ἐν
473 1572 512 1648 τῷ
524 1569 608 1648 ὕπνῳ·
624 1568 714 1628 ἐδόκεε
727 1569 757 1628 δέ
770 1568 872 1628 λέοντα
884 1571 983 1630 τεκεῖν·

188 1656 233 1714 καὶ
246 1655 305 1732 μετ’
318 1656 416 1738 ὀλίγας
428 1656 533 1734 ἡμέρας
545 1657 632 1718 τίκτει
645 1656 787 1734 Περικλέα
800 1656 962 1735 Ξανθίππῳ.

228 1743 310 1803 Μετὰ
322 1744 351 1804 δὲ
363 1745 397 1804 τδ
410 1749 439 1805 ἐν
449 1745 603 1821 Μαραθῶνι
611 1747 709 1821 τρῶμα
721 1743 878 1823 γενόμενον,
888 1748 962 1802 Μιλ-
974 1745 1030 1803 132

187 1830 281 1907 τιάδης
305 1832 351 1890 καὶ
371 1831 506 1908 πρότερον
527 1831 691 1909 εὐδοκιμέων
712 1831 789 1908 παρά
809 1830 985 1906 Ἀθηναίοισι

187 1917 251 1978 τότε
271 1921 385 1994 μᾶλλον
400 1917 507 1986 αὔξετο·
528 1922 646 1992 αϊτῆσας
661 1917 691 1978 δέ
709 1919 772 1980 νέας
792 1917 985 1994 ἐβδομήκοντα

190 2005 235 2062 καὶ
257 2002 391 2079 στρατιήν
412 2029 443 2062 τε
465 2004 511 2062 καὶ
531 2004 662 2082 χρήματα
679 2003 744 2068 τούς
763 2003 934 2082 Ἀθηναίους,
953 2006 984 2066 ού

190 2089 303 2168 φράσας
329 2096 385 2165 σφι
409 2089 450 2148 ἐπ’
473 2089 508 2166 ἣν
531 2091 756 2168 ἐπιστρατεύεται
782 2092 884 2172 χώρην,
908 2091 986 2152 ἀλλὰ

190 2177 246 2253 φάς
264 2176 363 2240 αύτούς
384 2182 597 2237 καταπλουτιεῖν
615 2178 650 2254 ήν
667 2181 694 2238 οἱ
716 2179 844 2240 ἕπωνται·
865 2181 912 2239 ἐπὶ
929 2180 984 2262 γάρ

189 2265 281 2344 χώρην
296 2265 426 2341 τοιαύτην
439 2265 473 2341 δή
485 2291 548 2326 τινα
560 2264 635 2336 άξειν
648 2265 712 2327 ὅθεν
725 2267 834 2346 χρυσδν
854 2266 985 2332 εύπετέως

189 2351 314 2428 άφθονον
336 2354 470 2414 οἴσονταν
490 2354 581 2434 λέγων
600 2357 725 2425 τοιαῦτα,
748 2355 822 2414 αϊτεε
841 2353 892 2419 τιϊς
913 2357 985 2421 νέας·

188 2438 331 2516 Ἀθηναῖοι
345 2441 375 2500 δέ
383 2439 509 2502 τούτοισι
522 2439 685 2519 ἐπαρθέντες
696 2442 866 2519 παρέδοσαν.
906 2448 966 2502 Ha·
975 2445 1032 2503 133

188 2527 325 2605 ραλαβῶν
345 2528 375 2588 δέ
395 2527 411 2590 ὅ
430 2522 587 2605 Μιλτιάδης
606 2528 658 2606 τήν
680 2529 815 2606 στρατιὴν
836 2530 918 2588 ἔπλεε
939 2532 985 2590 ἐπὶ

190 2616 295 2691 Πάρον,
309 2615 456 2693 πρόφασιν
473 2617 542 2696 ἔχων
562 2616 598 2680 ῶς
617 2619 645 2676 οἱ
657 2615 762 2693 Πάριοι
774 2615 901 2694 ὑπῆρξαν
917 2618 986 2694 πρύ-

190 2726 264 2775 τεροι
285 2703 500 2780 στρατευόμενοι
522 2704 628 2781 τριήρεϊ
646 2709 673 2767 ἐς
693 2705 855 2781 Μαραθῶνα
873 2703 932 2781 ἅμα
948 2708 987 2782 τῷ

191 2787 302 2866 Πέρσα·
343 2791 505 2870 (τοῦτομὲν
525 2790 559 2866 δὴ
578 2789 734 2869 πρόσκινα
749 2789 838 2871 λόγον
850 2789 894 2866 ἦν·
915 2790 985 2868 ἀτάρ

191 2899 252 2934 τινα
266 2876 311 2934 καὶ
325 2877 438 2956 ἐγκστον
451 2877 508 2956 εἶχε
520 2883 597 2938 τοῖσι
609 2877 745 2955 Παρίοισι
759 2876 805 2936 διά
817 2877 986 2959 Λυσαγόρεα

191 2962 240 3022 τόν
261 2963 370 3036 Τισίεω,
396 2964 477 3024 ἐόντα
498 2966 577 3047 γένος
600 2965 717 3042 Πάριον,
741 2964 917 3039 διαβαλόντα
939 2990 988 3041 μιν

192 3049 261 3127 πρός
273 3050 408 3127 Ὑδάρνεα
423 3051 472 3112 τδν
486 3054 624 3133 Πέρσην.)
665 3051 833 3128 ἀπικόμενος
847 3051 877 3110 δὲ
893 3055 920 3113 ἐς
935 3052 988 3128 τήν

192 3137 274 3198 ἔπλεε
290 3138 306 3199 ὁ
320 3139 477 3216 Μιλτιάδης
495 3144 531 3218 τῇ
547 3144 666 3220 στρατιῇ
680 3137 840 3215 ἐπολιόρκεε
854 3138 986 3214 Παρίους,

193 3226 405 3306 κατειλημένους
421 3227 497 3290 ἐντός
515 3228 630 3306 τείχεος·
651 3224 698 3286 καὶ
711 3223 862 3300 ἐσπέμπων
882 3223 987 3301 κήρυκα
