2280 3432
167 93 275 158 33-37]
493 92 646 140 OTPANIA.
658 93 661 99 ’
918 92 964 139 233

167 171 244 233 οὗτοι
270 171 394 250 ἐπέσχον
418 174 470 246 τῆς
496 170 624 240 Φωκίδος,
652 169 744 230 πάντα
771 167 965 246 ἐσιναμώρεον·

167 261 214 318 καὶ
233 259 289 338 γῶρ
308 263 363 319 τῶν
384 259 537 318 Πανοπέων
559 257 611 334 τήν
630 257 715 318 πόλιν
736 259 898 335 ἐνέπρησαν,
921 257 967 315 καὶ
994 317 997 325 ,

166 348 304 426 Δαυλίων,
340 347 386 405 καὶ
420 347 580 406 Αἰολιδέων.
623 344 785 422 ἐπορεύοντο
821 345 850 404 δὲ
880 344 966 423 ταύτῃ

166 433 389 514 ἀποσχισθέντες
415 438 466 510 τῆς
492 433 583 510 ἄλλης
603 438 737 510 στρατιῆς
760 433 845 493 τῶνδε
869 433 966 502 εἵνεκα,

166 521 235 587 ὅκως
255 523 431 598 συλήσοντες
448 521 481 582 τδ
504 521 563 598 ἱρδν
579 521 612 582 τδ
629 526 658 581 ἐν
676 525 829 597 Δελφοῖσι,
847 521 967 596 βασιλέϊ

165 611 255 690 Ξέρξῃ
269 611 431 680 ἀποδέξαιεν
449 610 485 669 τῶ
497 609 638 688 χρήματα.
679 608 771 669 πάντα
789 609 812 668 δ’
826 608 966 684 ήπίστατο

163 698 200 756 τῶ
222 705 251 758 ἐν
271 703 310 776 τῷ
333 701 380 774 ἱρῷ
397 695 453 756 ὅσα
470 697 559 777 λόγου
576 695 611 772 ἦν
629 695 693 766 ἄξια
715 697 827 774 Ξέρξης,
853 695 887 759 ῶς
911 695 966 777 ἐγῶ

165 785 347 860 πυνθάνομαι,
374 783 486 861 ἄμεινον
505 782 524 859 ἢ
544 783 629 842 τῶέν
648 789 725 842 τοῖσι
746 785 858 843 οἰκίοισι
879 785 966 854 ἔλιπε,

165 875 282 932 πολλῶν
295 872 349 930 αἰεὶ
361 870 509 951 λεγόντων,
523 872 569 929 καὶ
581 869 710 946 μα’λιστα
727 871 763 929 τοὶ
777 872 902 947 Κροίσου
915 875 966 930 τοῦ

164 958 323 1018 Ἃλυοίττεω
337 955 509 1032 ἀναθήματα.
547 961 583 1016 Οἱ
597 958 709 1032 Δελφοὶ
723 958 753 1016 δὲ
766 957 1013 1034 πυνθανόμενοι36

164 1049 262 1116 ταῦτα,
289 1051 317 1109 ἐς
336 1048 433 1104 πᾶσαν
453 1043 588 1122 ἀρρωδίην
608 1043 737 1104 ἀπίκατο·
759 1049 788 1104 ἐν
809 1045 916 1120 δείματι
936 1047 965 1104 δὲ

165 1133 280 1214 μεγάλῳ
307 1136 499 1202 κατεστεῶτες,
527 1132 708 1208 ἐμαντεύοντο
731 1134 796 1210 περὶ
820 1137 876 1192 τῶν
903 1135 967 1210 ἱρῶν

165 1220 323 1298 χρημάτων,
352 1220 406 1280 εἴτε
434 1221 519 1296 σφέα,
539 1219 610 1280 κατᾶ
635 1224 688 1301 γῆς
715 1219 886 1297 κατορύξωσι
914 1220 967 1279 εἶτε

167 1309 338 1384 ἐκκομίσωσι
355 1313 382 1371 ἐς
401 1307 494 1384 ῶλλην
515 1307 620 1386 χῶρην;
642 1307 658 1367 ὁ
680 1308 710 1368 δέ
728 1307 791 1371 θεός
807 1314 899 1383 σφεας
916 1307 965 1368 οῦκ

166 1395 199 1454 ἐα
212 1396 316 1470 κινέειν,
333 1395 390 1472 φῶς
408 1394 491 1458 αῦτδς
508 1394 601 1458 ἱκανῶς
622 1395 691 1455 εἶναι
710 1399 764 1456 τῶν
781 1399 882 1456 ἑωυτοῦ
899 1421 965 1471 προ-

166 1485 315 1560 κατῆσθαι.
358 1483 470 1558 Δελφοὶ
496 1483 526 1542 δὲ
551 1486 639 1543 ταῦτα
666 1482 842 1552 ἀκούσαντες,
871 1484 983 1559 σφέων,

166 1571 254 1632 αὐτῶν
267 1574 331 1651 πέρι
345 1571 515 1650 ἐφρόντιζον.
557 1572 639 1632 τέκνα
651 1573 703 1650 μέν
717 1598 765 1633 νυν
779 1573 825 1631 καὶ
837 1574 967 1652 γυναῖκας

165 1661 252 1738 πέρην
268 1666 295 1724 ἐς
312 1660 364 1736 τήν
384 1659 512 1740 Ἀχαιίην
528 1659 692 1739 διέπεμψαν·
714 1660 804 1720 αὐτῶν
824 1660 853 1718 δέ
875 1662 967 1737 οἱμὲν

165 1751 296 1808 πλεῖστοι
310 1749 455 1825 ἀνέβησαν
469 1753 496 1810 ἐς
513 1753 563 1808 τοῦ
577 1753 753 1826 Παρνησσοῦ
767 1747 817 1811 πῶς
833 1747 965 1824 κορυφαὶς,

166 1836 212 1893 καὶ
232 1841 260 1900 ἐς
278 1837 312 1896 τδ
334 1836 478 1914 Κωρύκιον
498 1834 597 1912 ἄντρον
618 1835 805 1911 ἀνηνείκαντο·
843 1839 870 1894 οἱ
890 1837 920 1894 δὲ
940 1839 968 1896 ἐς

162 1916 332 1998 Ἀμφισσαν
345 1923 396 1997 τήν
408 1922 532 1997 Λοκριδα
544 1921 713 1997 ὑπεξῆλθον·
734 1922 835 1984 πάντες
848 1923 877 1980 δέ
891 1921 927 1980 ῶν
941 1925 968 1980 οἶ

166 2008 278 2083 ’Δελφοὶ
299 2008 427 2076 ἐξέλιπον
442 2007 494 2082 τήν
514 2007 607 2078 πόλιν,
620 2008 697 2082 πλήν
717 2008 850 2084 ἐξήκοντα
863 2007 967 2084 α’νδρῶν

166 2094 212 2153 καὶ
237 2097 287 2153 τοῦ
314 2093 473 2171 προφήτεω.
514 2095 593 2154 Ἐπεὶ
617 2094 647 2152 δὲ
673 2093 763 2175 α’γχοῦ
788 2121 820 2154 τε
842 2093 918 2170 ἦσαν
941 2098 1013 2156 οἶ37

165 2181 311 2260 βάρβαροι
325 2181 447 2246 ἐπιόντες
461 2182 507 2240 καὶ
523 2181 648 2260 α’πιύρεον
667 2182 701 2242 ro*
721 2183 788 2260 ἱρῶν,
802 2189 832 2243 ἐν
849 2182 937 2264 τούτῳ
951 2184 967 2244 ὅ

164 2269 321 2348 προφήτης,
342 2273 381 2350 τῷ
401 2268 506 2346 οὕνομα
525 2267 560 2346 ἦν
579 2269 742 2348 Ἀκήρατος,Ι
770 2270 822 2351 ὁρᾷ
842 2271 897 2348 πρό
917 2275 967 2332 τοῦ

165 2363 232 2436 νηοῦ
246 2358 323 2420 ὅπλα
334 2358 503 2437 προκείμενα
516 2359 619 2420 ἔσωθεν
633 2364 663 2418 ἐκ
676 2363 726 2419 τοῦ
739 2359 863 2440 μεγάρου
877 2360 966 2438 ἐξενη-

165 2447 295 2530 νειγμένα
309 2447 363 2525 ἱρὰ,
377 2451 432 2525 τῶν
445 2445 495 2508 οῦκ
514 2446 594 2507 ὅσιον
610 2445 645 2522 ἦν
663 2445 802 2508 ἅπτεσθαι
816 2447 967 2525 ἀνθρώπων

165 2533 263 2594 οὐδενί·
285 2533 301 2595 ὁ
314 2537 365 2611 μὲν
379 2535 413 2618 δή
431 2534 475 2611 ἤϊε
488 2539 611 2611 Δελφῶν
626 2539 703 2595 τοῖσι
720 2541 858 2613 παρεοῦσι
875 2563 967 2614 σημα-

165 2623 232 2682 νέων
244 2621 278 2682 τδ
291 2623 381 2700 τέρας·
403 2626 430 2684 οἱ
443 2623 472 2682 δὲ
488 2622 635 2701 βάρβαροι
651 2624 745 2700 ἐπειδή
759 2626 882 2706 ἐγίνοντο
897 2630 967 2686 ἐπει-

165 2708 279 2789 γόμενοι
305 2710 375 2770 κατὰ
404 2711 438 2772 τῦ
470 2711 530 2789 ἶρδν
560 2716 611 2787 τῆς
643 2713 784 2789 Προνηίης
810 2712 967 2790 Ἀθηναίης,

166 2798 320 2882 ἐπιγίνεταί
330 2804 387 2874 σφι
399 2800 480 2876 τέρεα
493 2800 532 2860 ἐτι
550 2801 652 2876 μέζονα
669 2805 721 2860 τοῦ
739 2801 804 2878 πρὶν
817 2803 968 2882 γενομένου

165 2885 267 2961 τέρεος·
289 2886 370 2962 θῶμα
384 2889 435 2962 μὲν
451 2887 506 2967 γῶρ
525 2888 571 2946 καὶ
588 2891 672 2947 τοῦτο
694 2887 782 2965 κάρτα
802 2889 872 2958 ἐστὶ,
892 2887 968 2948 ὅπλα

165 2972 249 3050 α’ρήῖα
265 2972 409 3050 αὐτόματα
427 2979 551 3051 φανῆναι
569 2975 620 3044 ἔξω
637 2976 806 3052 προκείμενα
821 2979 871 3034 τοῦ
890 2980 967 3052 νηοῦ·

164 3060 200 3142 τοὶ
222 3061 251 3120 δὲ
272 3060 307 3137 δή
329 3061 375 3120 ἐπὶ
394 3061 481 3140 τούτῳ
508 3062 621 3140 δεύτερα
648 3061 829 3143 ἐπιγενόμενα
856 3063 902 3120 καὶ
923 3064 968 3122 διὰ

165 3149 275 3211 πάντων
299 3148 456 3226 φασμάτων
477 3149 541 3220 ἄξια
561 3149 708 3228 θωυμάσαι
728 3149 866 3225 μάλιστα.
909 3152 968 3210 ἐπεὶ

165 3237 219 3316 γὰρ
233 3239 267 3316 δή
280 3237 356 3315 ἦσαν
370 3236 493 3301 ἐπιόντες
507 3242 533 3298 οἱ
546 3238 694 3315 βάρβαροι
707 3237 778 3298 κατὰ
797 3237 830 3298 τὰ
846 3238 905 3316 ἷρδν
918 3244 968 3316 τῆς
