2280 3432
174 115 221 163 τοι
487 111 674 172 Ἧκοκουου
910 109 972 174 [1x.

127 195 165 256 12
215 196 251 254 Οἱ
271 195 323 272 μέν
344 191 378 269 δή
399 195 428 255 ἐς
447 189 498 252 τόν
516 189 634 267 Ἰσθμόν
654 188 813 271 ήπείγοντο.
854 189 978 272 Ἀργεῖοι

174 283 212 352 δὲ,
227 282 288 340 ἐπεί
301 307 332 340 τε
349 278 472 358 τάχιστα
491 278 625 339 ἐπύθοντο
642 277 707 340 τούς
725 277 797 354 μετοὶ
810 281 977 340 Παυσανίεω

175 369 375 445 ἐξεληλυθότας
399 373 429 426 ἐκ
453 367 590 444 Σπάρτης,
617 366 762 442 πέμπουσι
786 365 899 443 κήρυκα,
922 373 978 430 τῶν

114 505 116 514 2
173 456 369 534 ἡμεροδρόμων
386 455 543 532 ἀνευρόντες
559 455 609 515 τόν
628 453 752 531 ἄριστον,
774 459 801 518 ἐς
818 455 870 531 τήν
887 455 978 517 Ἀττι-

175 543 233 620 κήν,
244 543 379 621 πρότερον
393 543 471 603 αὐτοὶ
482 544 631 622 Μαρδονίῳ
644 542 844 619 ύποδεξάμενοι
858 545 979 624 σχήσειν

174 631 222 691 τόν
247 631 424 707 Σπαρτιήτην
442 631 482 708 μή
504 631 611 700 ἐξιέναι·
633 630 663 694 ὃς
685 631 746 690 ἐπεί
764 655 795 690 τε
816 631 928 691 ἀπίκετο
950 636 979 696 ἐς

172 719 222 782 τοὶς
241 718 368 795 Ἀθήνας,
392 721 470 800 ἐλεγε
491 719 565 779 τάδε·
601 729 619 754 “
627 719 778 797 Μαρδόνιε,
798 719 924 798 ἔπεμψάν
941 746 979 797 με

172 805 295 888 Ἀργεῖοι
315 805 463 883 φράσοντά
483 833 527 866 τοι
545 805 588 866 ὅτι
607 811 637 866 ἐκ
656 806 862 883 Λακεδαίμονος
883 807 977 884 ἐξελή-

174 894 274 971 λυθεῆ
291 894 394 970 νεότης,
409 895 455 953 καὶ
474 893 509 958 ὦς
527 894 560 954 ού
578 895 689 955 δυνατοὶ
708 894 794 971 αύτήν
813 896 904 975 Ιίσχειν
921 897 977 956 εἶσὶ

173 981 295 1064 Ἀργεῖοι
315 982 355 1059 μή
381 981 431 1041 ούκ
457 982 565 1052 ἐξιέναι.
608 983 677 1060 πρός
696 987 784 1043 ταῦτα
804 983 925 1065 τύγχανε
947 983 977 1044 εὖ

127 1072 164 1129 13
172 1069 404 1148 βουλευόμενος.”
445 1068 479 1128 ‘0
493 1073 545 1146 μὲν
565 1071 606 1148 δή,
623 1072 701 1134 εἶπας
716 1076 811 1143 ταῦτα,
826 1071 976 1133 οἷπαλλάσ·

174 1185 241 1218 σετο
254 1158 354 1219 ὀπίσω·
377 1156 536 1236 Μαρδόνιος
549 1159 579 1218 δέ
594 1159 725 1237 οὐδαμῶς
734 1161 773 1220 ἐτι
786 1160 928 1238 πρόθυμος
941 1160 976 1237 ἦν

172 1247 264 1324 μένειν
285 1253 313 1307 ἐν
330 1251 366 1326 τῇ
385 1246 508 1325 Ἀττικῇ,
526 1246 561 1310 ὦς
579 1245 684 1324 ἤκουσε
702 1252 798 1308 ταῦτα.
839 1248 904 1325 πρὶν
923 1252 976 1326 μέν

173 1359 221 1394 νυν
241 1332 259 1410 ἦ
280 1335 427 1405 πυθέσθαι,
449 1333 608 1414 α’νεκαίχευε,
631 1336 719 1395 θέλων
740 1336 839 1396 εἰδέναι
858 1337 891 1396 τό
910 1335 975 1416 παρ’

172 1419 325 1498 Ἀθηναίων
346 1421 439 1483 όκοῖόν
459 1449 487 1482 τι
508 1423 670 1498 ποιήσουσι·
693 1424 738 1481 καὶ
759 1422 822 1483 οὔτε
843 1425 975 1501 ἐπήμαινε

174 1508 236 1569 οὔτε
254 1510 361 1569 ἐσίνετο
377 1513 431 1590 γῆν
448 1509 500 1586 τήν
516 1509 654 1585 Ἀττικήν,
675 1512 792 1582 ἐλπίζων
809 1513 854 1572 διά
873 1513 975 1579 παντός

172 1601 222 1655 τοῦ
234 1597 336 1676 χρόνου
353 1595 543 1676 ὁμολογήσειν
560 1598 661 1673 σφέας·
684 1599 743 1656 ἐπεὶ
761 1599 791 1656 δὲ
810 1599 859 1658 ούκ
876 1602 974 1674 ἔπειθε,

172 1683 326 1759 πυθόμενος
352 1682 401 1742 τόν
428 1683 519 1744 πάντα
548 1683 645 1765 λόγον,
675 1685 741 1760 πρὶν
767 1683 786 1761 ἢ
812 1685 876 1750 τούς
902 1683 974 1765 μετά

173 1770 339 1829 Παυσανίεω
367 1775 394 1832 ἐς
420 1769 469 1830 τόν
491 1770 608 1852 Ἰσθμόν
636 1773 781 1848 ἐμβαλεῖν,
806 1772 975 1854 ὑπεξεχώρεε

173 1857 319 1935 ἐμπρήσας
339 1883 370 1918 τε
389 1856 441 1921 τός
460 1857 588 1933 Ἀθήνας,
608 1859 654 1918 καὶ
676 1859 701 1918 εἴ
720 1860 770 1921 κου’
789 1887 817 1922 τι
837 1860 921 1939 όρθόν
940 1863 975 1940 ἦν

171 1949 226 2006 τῶν
246 1933 358 2026 τειχέων
379 1944 398 2022 ἢ
420 1950 476 2006 τῶν
498 1946 652 2023 οἰκημάτων
674 1947 693 2024 ἢ
712 1953 768 2009 τῶν
788 1952 860 2027 ἶρῶν,
883 1949 975 2011 πάντα

172 2035 343 2111 καταβαλιδν
377 2035 423 2094 καὶ
457 2035 617 2115 συγχώσας.
661 2037 794 2112 ἐξήλαυνε
828 2037 858 2096 δέ
890 2039 975 2099 τῶνδε

174 2121 281 2192 εἵνεκεν,
296 2121 340 2182 ότι
353 2122 416 2182 οὔτε
437 2123 579 2199 ἱππασίμη
594 2122 612 2198 ή
629 2123 706 2203 χάρη
724 2123 759 2200 ἦν
778 2123 798 2199 ή
813 2123 936 2200 Ἀττική,
951 2127 977 2187 εἶ

172 2235 203 2270 τε
216 2216 313 2289 νικῷτο
328 2209 486 2287 συμβαλών
500 2208 658 2280 α’πάλλοξις
671 2211 720 2270 οὐκ
737 2210 772 2287 ἦν
791 2210 834 2271 ὅτι
849 2212 890 2287 μή
905 2207 974 2272 κατά

173 2298 290 2367 στεινόν,
305 2297 437 2358 ὥστεκαὶ
455 2296 569 2379 ὀλίγους
589 2300 681 2375 σφέας
698 2297 858 2374 ἀνθρώπους
871 2299 973 2376 ἴσχειν.

173 2385 339 2462 ἐβουλεύετο
360 2384 405 2456 ὧν,
425 2386 644 2466 ἐπαναχωρήσας
663 2391 690 2448 ἐς
706 2383 754 2446 τός
775 2383 882 2459 Θήβας,
903 2411 974 2464 συμ-

172 2474 274 2550 βαλεῖν
288 2474 358 2552 πρός
370 2474 439 2534 πόλι
453 2501 483 2536 τε
498 2475 581 2552 φιλίη
596 2474 641 2533 καὶ
654 2471 730 2550 χαίρῃ
746 2473 898 2551 ἱππασίμη.

127 2562 164 2620 14
213 2563 371 2639 Μαρδόνιος
384 2564 436 2638 μὲν
449 2562 483 2637 δή
501 2560 678 2639 ὑπεξεχώρεε·
700 2558 753 2636 ἤδη
773 2559 802 2618 δέ
821 2564 850 2620 ἐν
867 2565 904 2640 τῇ
920 2561 975 2642 όδῷ

173 2648 245 2710 ἐόντι
255 2649 327 2728 αύτῷ
339 2649 410 2726 ἦλθε
424 2648 551 2731 οἷγγελίη,
560 2647 719 2726 πρόδρομον
733 2646 826 2724 ἄλλην
839 2649 975 2726 στρατιήν

172 2735 248 2814 ήκειν
262 2743 289 2800 ἐς
303 2737 430 2819 Μέγαρα,
444 2735 667 2813 Λακεδαιμονίων
679 2736 797 2816 χιλίους·
819 2736 974 2814 πυθόμενος

173 2825 203 2884 δέ
218 2829 305 2885 ταῦτα
322 2825 496 2902 ἐβουλεύετο,
513 2824 601 2884 θέλων
622 2825 647 2883 εἴ
666 2849 717 2887 κως
734 2823 848 2886 τούτους
864 2827 974 2900 πρῶτον

174 2913 242 2972 ἐλοι·
283 2913 463 2993 ύποστρέψας
490 2913 519 2972 δέ
545 2911 597 2989 τήν
629 2911 763 2990 στρατιήν
788 2910 841 2993 ἦγε
868 2912 912 2970 ἐπὶ
938 2913 974 2972 τά

172 3001 303 3081 Μέγαρα·
343 3003 363 3079 ή
390 3003 420 3062 δὲ
447 3003 531 3064 ἵππος
564 3001 746 3078 προελθοῦσα
778 2998 974 3059 κατιππάσατο

172 3088 266 3166 χώρην
278 3090 330 3168 τήν
347 3091 502 3174 Μεγαρίδα.
545 3090 584 3169 (ἐς
599 3088 701 3166 ταύτην
721 3087 754 3165 δή
770 3087 911 3147 ἑκαστάτω
924 3091 973 3164 τῆς

172 3174 307 3257 Εύριίπης
327 3181 361 3242 τό
381 3179 450 3258 πρός
469 3177 552 3256 ήλίου
572 3177 699 3244 δύνοντος
718 3178 737 3256 ἦ
758 3175 885 3256 Περσική
905 3173 974 3253 αὕτη

161 3267 291 3342 ιστρατιή
305 3267 443 3346 α’πίκετο.)
485 3265 569 3328 Μετὰ
588 3265 618 3326 δέ
633 3271 729 3336 ταῦτα,
744 3263 891 3344 Μαρδονίῳ
902 3260 976 3339 ἦλθε
