2204 3430
149 105 276 168 ιτ-υι]·
462 103 668 155 υυνυιιιουιτ.
924 105 963 153 ου

149 187 263 262 μοῦνον,
277 181 355 243 ἀλλὰ
367 187 506 264 πανταχῇ,
525 183 545 260 ἡ
565 183 697 264 ἰσηγορίη
715 181 750 248 υἰς
769 183 831 244 ἔστι
852 187 951 262 χρῆμα

149 261 314 332 σπουδαῖον·
336 275 359 331 εἰ
373 273 419 331 καὶ
430 271 576 349 Ἀθηναῖοι
593 270 820 350 τυραννευόμενοι
835 273 887 348 μὲν
905 271 948 331 οὔ·

150 359 244 437 δαμῶν
265 365 320 420 τῶν
342 362 435 436 σφέας
455 359 664 438 περιοικεόντων
681 359 756 435 ἦσαν
776 359 812 419 τιί
828 360 952 436 πολέμια

150 447 285 525 οἰμείνους,
300 448 531 528 ἀπαλλαχθέντες
544 449 574 508 δὲ
586 448 724 526 τυράννων
736 451 833 526 μακρῷ
845 452 951 525 πρῶτοι

150 537 286 616 ἐγένοντο.
329 536 412 613 δηλοῖ
438 536 475 597 ὧν
502 541 597 606 ταῦτα,
626 536 669 596 ὅτι
697 536 877 615 κατεχόμενοι
897 538 950 612 μὲν

151 624 342 700 ε’θελοκυίκεονΙ
352 625 387 688 υἰς
406 625 530 704 δεσπότῃ
545 625 732 707 ἐργαζόμενοι,
758 625 952 702 ἐλευθερωθέν-

149 737 204 772 των
222 713 251 772 δὲ
270 711 353 776 οὗτός
367 713 485 776 ἕκαστος
499 718 587 792 ἑωυτῷ
600 715 774 794 προθυμέετο
790 711 927 794 κατεργόζ
940 748 951 758 -

151 799 227 860 σθαι.
272 799 348 860 οὗτοι
368 801 420 878 μέν
440 827 489 862 νυν
508 806 596 861 ταῦτα
617 803 770 879 ἔπρησσον.

192 889 317 963 Θηβαῖοι
336 888 365 946 δὲ
383 889 454 964 μετοί
471 893 558 948 ταῦτα
578 894 604 952 ές
621 889 685 949 θεόν
699 891 830 964 ἔπεμπον,
845 887 948 964 βουλό·
960 887 997 949 79

150 999 231 1050 μενοι
244 974 381 1034 τίσασθαι
393 975 567 1050 Ἀθηναίους.
598 975 616 1050 ἦ
630 976 660 1034 δὲ
674 976 768 1050 Πυθίη
783 975 839 1034 ἀπό
854 976 950 1050 σφέων

151 1064 204 1139 μὲν
218 1061 308 1122 αὐτῶν
321 1061 371 1121 οὐκ
382 1063 436 1138 ἔφη
446 1061 558 1122 αὐτοῖσι
568 1063 637 1122 εἰναι
649 1063 733 1131 τίσιν,
744 1067 771 1124 ές
785 1069 959 1120 ΠΟΛΥΦΗ-

152 1156 243 1208 ΜΟΝ
270 1151 300 1210 δὲ
327 1151 512 1221 ἐξενείκαντας
538 1152 647 1210 ε’κέλευε
673 1155 752 1208 ΤΩΝ
778 1148 952 1213 ἈΓΧΙΣΤΑ

153 1240 331 1304 ΔΕΕΣΘΑΙ.
372 1239 551 1300 ἀπελθόντων
572 1239 608 1299 ὧν
628 1243 682 1300 τῶν
705 1238 875 1316 θεοπρόπων,
896 1238 951 1307 ε’ξέ-

153 1333 242 1405 φερον
259 1329 292 1388 τό
310 1329 483 1407 χρηστήριον
503 1328 585 1404 οἶλίην
603 1327 799 1405 ποιησόμενον
821 1325 856 1390 ὦς
874 1331 952 1386 ε’πυν-

153 1415 269 1476 θόνοντο
283 1417 312 1476 δὲ
325 1416 465 1498 λεγόντων
484 1415 572 1476 αὐτῶν
593 1422 672 1476 ΤΩΝ
690 1414 865 1479 ἈΓΧΙΣΤΑ
888 1421 952 1474 ΔΕ-

151 1505 276 1575 ΕΣΘΑΙ,
292 1505 373 1565 εἶπαν
386 1509 412 1564 οἰ
423 1506 546 1580 Θηβαῖοι
560 1504 729 1567 α’κοόσαντες
741 1503 856 1564 τούτων·
876 1513 893 1538 “
903 1501 952 1562 οόκ

152 1591 189 1652 ὧν
209 1592 333 1674 ἄγχιστα
352 1592 444 1670 ἡμέων
465 1593 589 1652 οἰκέουσι
603 1593 775 1674 Ταναγραῖοί
788 1619 818 1652 τε
833 1592 879 1650 καὶ
894 1597 951 1650 Κο-

151 1685 263 1757 ρωναῖοι
284 1682 330 1740 καὶ
352 1684 495 1751 Θεσπιέες,
513 1683 559 1740 καὶ
581 1680 660 1741 οὗτοί
678 1707 711 1763 γε
733 1679 792 1757 ἅμα
813 1679 881 1756 ἡμῖν
900 1679 952 1737 αἰεὶ

151 1768 315 1847 μαχόμενοι,
334 1770 483 1848 προθύμως
505 1771 726 1846 συνδιαφέρουσι
744 1767 793 1828 τόν
809 1767 951 1843 πόλεμον;

151 1856 182 1914 τί
194 1856 236 1914 δεῖ
247 1857 351 1917 τούτων
363 1883 397 1938 γε
411 1858 523 1916 δέεσθαι
528 1883 536 1926 ;
551 1857 628 1915 ἀλλοὶ
641 1861 754 1932 μᾶλλον
767 1855 808 1932 μή
822 1854 854 1916 οὔ
868 1859 952 1914 τοῦτο

151 1941 216 2020 ᾗτό
230 1942 430 2020 χρηστήριον.”
471 1948 593 2002 Τοιαῦτα
614 1942 647 2016 δὴ
666 1943 877 2022 ἐπιλεγομένων,
894 1941 953 2000 εἶπε
962 1945 999 2003 80

152 2029 187 2104 δή
210 2056 273 2089 κοτε
294 2030 392 2106 μαθεόν
413 2055 463 2093 τις·
486 2029 567 2110 “ε’γό
588 2055 638 2106 μοι
662 2029 746 2087 δοκέω
771 2027 894 2088 συνιέναι
917 2028 950 2088 τό

154 2117 245 2176 ἐθέλει
259 2117 353 2198 λέγειν
370 2117 438 2195 ἡμῖν
450 2117 483 2178 τό
497 2116 642 2194 μαντήϊον.
673 2115 805 2178 Ἀσωποῦ
822 2118 954 2198 λέγονται

153 2205 285 2285 γενέσθαι
307 2206 455 2288 θυγατέρες
477 2205 562 2283 Θήβη
584 2232 615 2266 τε
638 2206 683 2265 καί
702 2206 812 2288 Αἴγινα·
836 2206 953 2266 τουτέων

152 2292 298 2370 ἀδελφεῶν
319 2295 446 2366 ἐουσέων,
466 2294 550 2354 δοκέω
568 2294 636 2372 ἡμῖν
653 2294 822 2376 Αἰγινητέων
840 2293 952 2354 δέεσθαι

151 2381 201 2442 τόν
214 2382 278 2443 θεόν
290 2387 398 2463 χρῆσαι
410 2383 606 2461 τιμωρητήρων
619 2382 777 2464 γενέσθαι·”
791 2384 837 2443 καὶ
852 2383 884 2442 οιί
898 2381 952 2464 γόρ

151 2496 193 2534 τις
204 2471 307 2548 ταύτης
320 2472 437 2550 οἷμείνων
449 2471 546 2552 γνώμη
562 2469 653 2530 ἐδόκεε
675 2473 835 2547 φαίνεσθαι,
851 2470 950 2532 αὕτίκα

151 2559 311 2642 πέμψαντες
328 2560 437 2620 ε’δέοντο
453 2559 630 2641 Αἰγινητέων,
650 2560 861 2637 ἐπικαλεόμενοι
880 2557 950 2619 κατιί

151 2648 183 2708 τό
197 2648 371 2728 χρηστήριόν
385 2655 441 2724 σφι
457 2647 598 2724 βοηθέειν,
614 2646 649 2710 ὦς
668 2647 767 2708 έόντων
784 2646 950 2728 οἷγχιστέων·

152 2738 179 2793 οἰ
201 2737 231 2794 δέ
253 2743 309 2812 σφι
325 2737 449 2796 αἰτέουσι
470 2737 630 2813 ε’πικουρίην
647 2735 712 2798 τοιίς
733 2737 865 2798 Αἰακίδας
883 2759 953 2810 συμ-

151 2823 272 2898 πέμπειν
287 2826 407 2900 ἔφασαν.
450 2823 671 2902 Πειρησαμένων
685 2823 714 2882 δὲ
727 2823 794 2906 [τῶν
807 2819 952 2900 Θηβαίων]
963 2821 999 2878 81

152 2908 223 2969 κατεί
247 2909 299 2984 τὴν
323 2911 487 2990 συμμαχίην
508 2915 563 2972 τῶν
578 2909 738 2971 ΙΑἰακιδέων
760 2911 805 2968 καὶ
829 2907 952 2984 τρηχέως

151 2997 357 3076 περιεφθέντων
371 2997 426 3057 ὗπό
440 3002 495 3058 τῶν
507 2997 669 3074 Ἀθηναίων,
682 2997 758 3058 αὖτις
770 2996 810 3075 [οἱ
818 2988 954 3066 Θηβαῖοι]

151 3087 320 3165 πέμψαντες,
335 3085 399 3147 τοίς
418 3088 470 3161 μὲν
488 3087 620 3148 Αἰακίδας
641 3091 698 3158 σφι
718 3081 887 3141 ἀπεδίδοσαν
901 3077 956 3130 τῶν

151 3177 181 3236 δὲ
195 3175 303 3254 ἀνδρῶν
317 3173 435 3233 ε’δέοντο·
457 3179 604 3254 Αἰγινῆται
625 3173 662 3240 δὲ,
678 3165 836 3241 εὐδαιμονίῃ
856 3183 887 3216 τε
907 3182 956 3260 μγε·

152 3265 228 3346 γόλη
249 3261 423 3340 ἐπαρθέντες,
439 3261 485 3320 καὶ
505 3261 606 3339 ἔχθρης
626 3259 750 3326 παλαιῆς
765 3243 945 3320 ἅναμνησθῑν
