2204 3430
169 135 200 182 ιο
474 129 658 178 ·Ηι>οιουοι
823 159 826 166 .
923 131 970 197 [v.

162 211 310 290 Περσέων,
325 210 443 270 ἐνθαῦτα
458 207 505 268 ἐπὶ
516 211 555 286 τῷ
568 205 693 285 Μαρσύῃ
714 210 831 286 ποταμῷ
848 211 971 286 συνέβα-

167 299 219 359 λόν
237 324 268 358 τε
285 301 362 356 τοῖσι
379 297 513 374 Πέρσησι
534 298 560 354 οἶ
575 299 676 371 Κᾶρες,
692 295 737 352 καὶ
755 295 850 374 μάχην
872 301 972 380 ἐμαχέ-

167 413 254 447 σαντο
278 385 397 465 ίσχυρήν
419 385 465 442 καὶ
489 383 534 442 ἐπὶ
560 381 662 462 χρόνον
686 381 806 442 πολλόν·
833 386 915 448 τέλος
941 386 972 446 δὲ

168 474 337 550 ἑσσώθησαν
355 472 400 532 διαὶ
420 473 540 549 πλῆθος.
583 471 717 548 Περσέων
740 474 791 548 μὲν
813 471 847 548 δή
869 474 971 536 ἔπεσον

167 562 263 639 ἄνδρες
276 567 304 624 ἐς
317 561 482 641 δισχιλίους,
497 563 600 638 Καρῶν
616 559 646 618 δὲ
660 564 687 622 ἐς
700 561 823 636 μυρίους·
846 562 971 624 ἐνθεῦτεν

168 651 197 709 δὲ
211 654 237 709 οἱ
251 650 432 730 διαφυγόντες
445 647 535 709 αύτῶν
545 647 754 724 κατειλήθησαν
763 653 790 711 ἐς
801 649 968 726 Λάβρανδα,

167 745 195 802 ἐς
217 737 285 802 Διός
309 737 444 814 Στρατίου
469 737 536 813 ἱρόν,
558 737 632 817 μέγα
656 761 687 795 τε
709 736 754 794 καὶ
776 735 857 816 ἅγιον
879 739 970 802 άλσος

165 828 372 888 πλατανίστων.
414 829 512 904 μοῦνοι
535 825 571 894 δὲ,
592 829 647 884 τῶν
667 824 747 901 ἡμεῖς
767 825 853 900 ἴδμεν,
877 829 970 904 Κᾶρές

166 921 221 976 εἶσι
235 916 261 976 οἳ
275 917 323 974 ΔιίΙ
338 914 462 994 Στρατίῳ
484 913 583 976 θυσίας
603 911 751 993 άνάγουσι.
794 916 968 988 κατειληθέν-

164 1031 209 1068 τες
230 1004 267 1065 ῶν
289 1003 366 1064 οὗτοι
390 1004 509 1062 ἐνθαῦτα
527 999 714 1076 ἐβουλεύοντο
735 1001 800 1076 περὶ
822 1003 968 1078 σωτηρίης,

164 1092 289 1170 όκότερα,
312 1090 331 1168 ἢ
355 1089 525 1167 παραδόντες
549 1089 642 1163 σφέας
666 1087 766 1150 αὐτούς
790 1089 923 1169 Πέρσησι
950 1089 969 1166 ἢ

165 1181 325 1243 ἐκλιπόντες
348 1178 382 1239 τό
404 1177 537 1254 παράπαν
558 1176 610 1252 τήν
630 1175 739 1252 Ἀσίην,
762 1175 875 1253 ἄμεινον
898 1179 969 1255 πρή-

85 1277 86 1280 ’
118 1269 175 1328 120
187 1269 277 1337 ξουσι.
298 1265 536 1342 Βουλευομένοισι
550 1265 581 1324 δέ
593 1270 649 1341 σφι
663 1269 752 1324 ταῦτα
768 1267 969 1344 παραγίνονται

163 1357 331 1432 βοηθέοντες
353 1353 499 1428 Μιλήσιοί
516 1379 547 1412 τε
571 1353 617 1412 καὶ
644 1356 670 1412 οἱ
697 1351 843 1432 σύμμαχοι
869 1352 983 1422 αύτῶνϊ

165 1444 284 1503 ἐνθαῦτα
302 1441 333 1500 δὲ
352 1440 389 1501 τά
409 1443 461 1518 μὲν
480 1439 617 1518 πρότερον
630 1445 657 1500 οἱ
671 1445 764 1516 Κᾶρες
782 1440 969 1518 ἐβουλεύοντο

163 1534 295 1607 μετῆκαν,
312 1532 338 1588 οἱ
362 1529 391 1587 δέ
413 1526 490 1592 αὖτις
511 1531 645 1606 πολεμεῖν
666 1529 698 1598 ἐξ
716 1529 805 1608 ἀρχῆς
826 1529 969 1606 ἀρτέοντο·

165 1617 212 1676 καὶ
239 1618 351 1677 ἐπιοῦσί
371 1642 402 1676 τε
425 1620 502 1677 τοῖσι
524 1617 658 1696 Πέρσῃσι
682 1615 898 1694 συμβάλλουσι,
922 1619 970 1677 καὶ

163 1704 356 1785 μαχεσάμενοι
369 1704 415 1763 ἐπὶ
428 1707 517 1765 πλεῦν
530 1703 548 1780 ή
562 1705 698 1782 πρότερον
720 1705 898 1781 ἑσσώθησαν·
920 1731 969 1765 πε-

138 1787 272 1870 ,’σόντων
290 1792 319 1851 δὲ
336 1795 391 1853 τῶν
411 1791 521 1854 πάντων
541 1796 666 1863 πολλῶν,
681 1791 823 1868 Μιλήσιοι
838 1793 970 1869 μάλιστα

118 1881 360 1962 121ἐπλήγησαν.
402 1880 485 1941 Μετά
498 1881 535 1954 δὲ,
550 1885 635 1940 τοῦτο
654 1879 688 1941 τό
706 1883 803 1958 τρῶμα
823 1880 970 1958 ἀνέλαβόν
1009 1952 1012 1958 1

163 1971 259 2030 τεκαὶ
280 1969 537 2050 όνεμαχέσαντοοὶ
558 1973 661 2046 Κᾶρες
682 1968 835 2045 πυθόμενοι
855 1971 910 2051 γάρ
933 1971 969 2034 ῶς

163 2059 367 2138 στρατεύεσθαι
389 2058 524 2136 ὁρμέαται
548 2060 575 2116 οἱ
599 2059 710 2134 Πέρσαι
738 2057 784 2116 ἐπὶ
810 2057 860 2121 τοὶς
883 2057 969 2123 πόλις

163 2149 268 2224 σφέων,
283 2146 429 2225 ἐλόχησαν
448 2145 500 2222 τὴν
521 2151 550 2206 ἐν
563 2145 690 2224 Πηδάσῳ
704 2141 778 2205 όδόν·
800 2149 828 2208 ἐς
846 2144 899 2221 τήν
920 2151 967 2223 ἐμ-

163 2235 298 2296 πεσόντες
314 2237 342 2292 οἱ
355 2235 468 2309 Πέρσαι
487 2231 586 2296 νυκτός
605 2233 799 2310 διεφθάρησαν
820 2234 866 2293 καὶ
887 2233 969 2294 αὐτοὶ

165 2322 210 2381 καὶ
225 2324 251 2380 οἱ
264 2320 419 2402 στρατηγοὶ
432 2319 531 2391 αὐτῶν,
546 2322 690 2398 Δαυρίσης
707 2322 752 2380 καὶ
765 2321 907 2403 Ἀμόργης
921 2324 969 2382 καὶ

165 2409 331 2487 Σισιμάκης·
353 2408 406 2469 σύν
423 2407 455 2468 δέ
472 2415 528 2486 σφι
548 2407 669 2468 α’πέθανε
688 2409 734 2467 καὶ
748 2407 867 2486 Μύρσος
885 2408 970 2468 ὁΓύ-

163 2523 228 2579 γεω.
268 2499 318 2556 τοῦ
336 2496 366 2555 δὲ
385 2496 475 2576 λόχου
493 2495 594 2557 τούτου
609 2496 721 2578 ήγεμῶν
733 2495 768 2573 ἦν
780 2495 970 2574 Ἡρακλειδης

162 2584 337 2661 Ἰβανιύλιος,
361 2583 431 2662 όνήρ
455 2583 620 2648 Μυλασεύς.
662 2582 739 2644 οὗτοι
765 2584 817 2660 μέν
841 2584 970 2648 νυντῶν

166 2674 300 2749 Περσέων
321 2673 391 2733 οὕτω
412 2673 614 2751 διεφθάρησαν.

118 2763 174 2820 122
216 2760 318 2838 ’Υμέης
332 2761 370 2831 δὲ,
384 2761 430 2820 καὶ
444 2761 527 2825 αὐτός
541 2760 593 2822 ἐῶν
607 2763 663 2821 τῶν
684 2757 883 2828 ἐπιδιωξάντων
902 2760 971 2824 τούς

164 2853 192 2912 ἐς
215 2849 314 2925 Σάρδις
334 2850 593 2926 στρατευσαμένους
614 2847 721 2918 Ἰάνων,
745 2846 920 2925 τραπόμενος
942 2855 972 2912 ἐς

164 2936 216 3013 τήν
229 2937 409 3015 Προποντίδα
424 2936 482 2994 εἷλε
496 2940 567 2995 Κῖον
582 2937 634 3012 τήν
647 2936 774 3012 Μυσίην.
814 2935 918 3012 ταύτην
940 2937 972 2996 δὲ

166 3025 275 3096 ἐξελῶν,
290 3022 326 3087 ῶς
344 3023 461 3084 ἐπύθετο
479 3021 528 3084 τόν
540 3023 756 3098 Ἑλλήσποντον
773 3025 973 3085 ἐκλελοιπέναι

168 3115 311 3191 Δαυρίσην
326 3112 372 3171 καὶ
390 3110 594 3190 στρατεύεσθαι
614 3112 659 3171 ἐπὶ
673 3113 790 3189 Καρίης,
805 3113 974 3177 καταλιπῶν

166 3199 217 3274 τήν
243 3201 425 3286 Προποντίδα
453 3200 498 3259 ἐπὶ
523 3198 573 3259 τόν
597 3197 815 3276 Ἑλλήσποντον
840 3199 893 3281 ἦγε
919 3203 975 3265 τόν

169 3289 298 3360 στρατόν·
327 3291 372 3347 καὶ
395 3290 453 3348 εἷλε
476 3290 527 3363 μὲν
551 3288 669 3351 Αἰολέας
696 3287 801 3351 πάντας
825 3287 890 3347 ὅσοι
915 3286 974 3364 τήν
