2294 3430
165 65 213 114 116
476 63 664 113 Ἥτοιουου
903 60 964 126 [τι.
1115 95 1131 152 4

167 143 237 220 ὕδωρ
259 143 375 218 ἐπὶτῆν
387 142 610 220 Ἐννεάκρουνον·
632 141 678 222 (ου’
697 141 754 223 γὰρ
775 139 845 202 εἶναι
866 145 968 201 τοῦτον

166 231 216 290 τόν
233 230 335 309 χρόνον
357 231 445 305 σφίσι
466 257 505 289 κω
527 229 589 290 οὐδὲ
609 234 686 290 τοῖσι
706 228 824 288 ἄλλοισι
838 227 967 304 Ἕλλησι

168 318 296 398 οἰκέτας)
321 317 389 380 ὅκως
410 318 440 376 δὲ
463 319 571 378 ἔλθοιεν
594 316 685 386 αὗται,
707 316 771 380 τούς
796 315 967 396 Πελασγοῦς

166 404 220 465 ὖπδ
242 405 340 483 ὕβριός
360 431 391 465 τε
413 407 460 464 καὶ
481 405 628 486 ὀλιγωρίης
648 405 773 481 βιᾶσθαί
791 410 897 480 σφεας·
922 405 968 462 καὶ

167 497 255 553 ταῦτα
273 493 369 570 μέντοι
389 493 477 568 σφίσι
494 491 543 552 οὐκ
557 492 686 572 ἀποχρᾶν
699 493 810 560 ποιέειν,
826 491 904 550 ἅλλοὶ
925 492 968 551 τέ-

168 585 219 644 λος
242 581 288 640 καὶ
312 579 546 656 ἐπιβουλεύοντας
569 579 757 659 ἐπιχειρήσειν
782 583 904 654 φανῆναι
926 579 968 638 ἐπ’

168 667 332 746 αὐτοφώρῳ·
361 666 477 732 ἐωυτοθς
503 667 532 727 δέ
555 667 688 748 γενέσθαι
714 665 840 744 τοσούτῳ
861 667 968 726 ἐκείνων

169 754 269 832 ἄνδρας
290 755 443 832 ἀμείνονας,
465 755 523 834 ὅσιρ
547 755 651 832 παρεόν
676 753 787 814 αὐτοῖσι
808 753 968 814 ἀποκτεῖναι

166 843 231 904 τούς
249 843 419 924 Πελασγοῦς
440 845 514 924 (ἐπεί
534 849 626 918 σφεας
644 843 750 918 ἐλαβον
772 841 964 917 ἐπιβουλεύοιι

167 931 227 1010 τας)
243 928 292 990 οὐκ
306 930 450 1006 ἐθελῆσαι,
465 929 544 989 οἷλλιί
557 937 614 1006 σφι
635 932 777 1006 προειπεῖν
796 933 826 988 ἐκ
847 932 897 1004 τῆς
916 934 962 1010 γῆς

170 1017 279 1086 ἐξιέναι·
301 1017 366 1081 τούς
387 1018 417 1078 δέ
441 1016 512 1077 οὕτω
536 1017 570 1094 δή
595 1017 815 1095 ἐκχωρήσαντας,
840 1014 917 1074 ἄλλα
937 1043 968 1076 τε

169 1108 250 1183 σχεῖν
273 1105 362 1184 χωρία
384 1105 430 1163 καὶ
451 1104 485 1180 δὴ
510 1106 556 1164 καὶ
578 1108 704 1180 Λῆμνον,
746 1108 835 1163 ἐκεῖνα
858 1106 910 1180 μὲν
934 1095 967 1178 δέ)

122 1191 331 1254 138Ἑκαταΐος
349 1191 434 1261 ἔλεξε,
447 1195 535 1250 ταῦτα
553 1192 583 1250 δέ
600 1191 744 1266 Ἀθηναῖοι
760 1192 888 1272 λέγουσι.
931 1195 968 1248 Οἱ

83 1273 86 1280 ⁴
169 1280 199 1338 δέ
226 1281 376 1360 Πελασγοὶ
406 1277 482 1338 οὗτοι
507 1283 622 1356 Λῆμνον
651 1278 714 1338 τότε
740 1278 895 1354 νεμόμενοι,
923 1279 968 1336 καὶ

167 1367 340 1444 βουλόμενοι
360 1365 425 1428 τοῦς
447 1365 611 1441 Ἀθηναίους
633 1365 857 1442 τιμωρήσασθαι,
882 1365 911 1424 εὖ
938 1391 969 1424 τε

171 1453 382 1530 ἐξεπιστάμενοι
397 1453 447 1516 τοὶς
459 1451 612 1528 Ἀθηναίων
633 1452 723 1530 ὁρτὰς,
738 1453 969 1530 πεντηκοντέρους

169 1539 342 1616 στησάμενοι
363 1539 506 1618 ἐλόχησαν
523 1539 666 1618 Ἀρτέμιδι
679 1545 707 1600 ἐν
721 1545 865 1617 Βραυρῶνι
887 1539 968 1621 οἷγοό-

169 1653 223 1690 σας
235 1627 319 1704 όρτὴν
334 1628 385 1690 τοὶς
397 1633 452 1688 τῶν
465 1627 619 1704 Ἀθηναίων
639 1632 779 1708 γυναῖκας·
802 1629 925 1688 ἐνθεῦτεν
940 1629 969 1686 δὲ

172 1713 348 1792 ἁρπάσαντες
367 1715 484 1775 τουτέων
505 1715 617 1778 πολλαὶς
639 1715 749 1794 οἴχοντο
772 1709 971 1778 ἀποπλέοντες·-

170 1802 218 1860 καί
229 1808 321 1878 σφεας
335 1807 362 1866 ἐς
371 1806 487 1880 Λῆμνον
501 1801 653 1884 ἀγαγόντες
666 1803 815 1866 παλλακὰς
829 1803 914 1881 εἶχον·
935 1802 969 1866 ὦς

172 1889 201 1948 δέ
218 1890 318 1950 τέκνων
337 1889 418 1950 αὗται
439 1894 467 1950 αἱ
487 1895 614 1972 γυναῖκες
627 1889 862 1966 ὑπεπλήσθησαν,
876 1895 969 1970 γλῶσ-

171 1977 226 2039 σόν
248 2004 279 2038 τε
301 1977 353 2054 τὴν
374 1977 505 2054 Ἀττικήν
529 1979 575 2037 καὶ
594 1977 718 2055 ,τρόπους
740 1981 795 2037 τῶν
818 1977 970 2052 Ἀθηναίων

171 2065 315 2126 ἐδίδασκον
335 2065 399 2128 τούς
421 2065 535 2128 παῖδας·
565 2067 591 2124 οἱ
616 2065 645 2124 δέ
670 2064 734 2124 οὔτε
756 2066 970 2144 συμμίσγεσθαι

169 2157 246 2213 τοῖσι
268 2159 297 2213 ἐκ
318 2157 373 2213 τῶν
391 2154 577 2233 Πελασγίδων
598 2157 735 2234 γυναικῶν
755 2153 839 2212 παισὶ
858 2151 969 2228 ἤθελον,

173 2238 198 2300 εἴ
210 2266 241 2300 τε
253 2238 384 2300 τύπτοιτό
396 2265 438 2302 τις
452 2239 542 2300 αὐτῶν
554 2239 600 2299 ὑπ’
615 2240 722 2300 ἐκείνων
740 2239 821 2309 τινός,
837 2238 971 2314 ἐβοήθεόν

170 2352 202 2386 τε
219 2326 322 2389 πάντες
340 2327 386 2386 καὶ
407 2326 553 2403 ἐτιμώρεον
570 2326 735 2403 οἷλλήλοισι·
757 2328 803 2386 καὶ
816 2326 850 2402 δὴ
864 2325 909 2384 καὶ
925 2325 971 2402 ἄρ-

174 2439 235 2493 χειν
250 2439 281 2473 τε
296 2417 351 2473 τῶν
369 2413 473 2472 παίδων
493 2416 520 2472 οἱ
534 2413 632 2478 Ιπαῖδες
647 2415 786 2487 ἐδικαίευν,
803 2415 849 2473 καὶ
862 2412 973 2473 πολλόν

174 2500 348 2578 ἐπεκράτεον·
375 2499 510 2577 μαθόντες
531 2501 560 2560 δέ
581 2506 669 2562 ταῦτα
690 2505 717 2562 οἱ
739 2502 889 2582 Πελασγοὶ
912 2504 973 2559 ἐωυ-

172 2593 248 2650 τοῖσι
272 2587 375 2668 λόγους
397 2588 534 2649 ἐδίδοσαν·
562 2589 611 2649 καί
630 2595 718 2666 σφισι
738 2589 974 2666 βουλευομένοισι

172 2675 261 2737 δεινόν
274 2701 302 2735 τι
316 2675 434 2746 ἐσέδυνε,
450 2680 473 2735 εἰ
486 2676 520 2752 δὴ
534 2665 848 2758 διαγινώσκοιενίσφίσι
861 2701 892 2735 τε
904 2675 974 2752 βοη-

173 2765 245 2825 θέειν
265 2767 291 2824 οἶ
308 2765 404 2828 παῖδες
422 2763 493 2842 πρός
510 2770 565 2825 τῶν
584 2765 740 2841 κουριδιέων
758 2769 894 2846 γυναικῶν
911 2762 975 2826 τοιλς

172 2853 280 2922 παῖδας,
303 2853 348 2912 καὶ
369 2851 474 2912 τούτων
495 2851 593 2912 αὐτίκα
614 2851 709 2929 ἄρχειν
727 2850 872 2931 πειρῴατο,
891 2851 922 2910 τί
940 2848 975 2924 δὴ

174 2939 357 3017 ἀνδρωθέντες
377 2940 460 3016 δῆθεν
483 2938 655 3014 ποιήσουσι;
678 2939 798 2998 ἐνθαῦτα
822 2937 900 3008 ἔδοξέ
920 2942 976 3012 σφι

175 3029 289 3089 κτείνειν
298 3027 472 3092 τοῦςπαῖδας
485 3026 548 3089 τοῦς
562 3030 591 3084 ἐκ
604 3029 659 3085 τῶν
671 3024 818 3086 Ἀττικέων
830 3029 975 3107 γυναικῶν·

174 3119 286 3176 ποιεῦσι
307 3115 342 3192 δή
363 3120 459 3187 ταῦτα,
482 3111 738 3190 προσαπολλύουσι
760 3112 791 3171 δέ
805 3119 908 3188 σφεων
930 3112 976 3168 καὶ

174 3201 224 3266 τοῖς
247 3205 377 3282 μητέρας.
417 3200 474 3262 α’τὸ
499 3199 600 3260 τούτου
623 3199 654 3260 δέ
675 3204 726 3260 τοῦ
750 3201 832 3280 ἔργου
857 3199 903 3258 καὶ
925 3203 976 3258 τοῦ
