2294 3430
177 131 320 197 120-123]
483 133 670 182 ΠΟΛΤΜΜῙΑ.
932 134 977 186 167

178 213 230 272 θου
244 209 296 270 ὧδε
309 211 475 294 τεταγμένος
488 213 504 272 ὁ
517 214 638 288 στρατός
652 217 682 272 ἔκ
697 211 839 290 Δορίσκου
851 211 903 290 την
913 212 979 273 ὁδόν

179 299 311 359 ἐποιέετο·
332 305 405 378 τρεῖς
426 302 526 379 μοίρας
544 300 560 361 ό
581 301 687 380 Ξέρξης
710 299 867 378 δασάμενος
886 299 978 362 πάντα

179 385 228 446 τὸν
241 387 325 458 πεζόν
339 389 469 466 στρατόν,
482 391 550 466 μίαν
562 387 665 449 αύτέων
679 389 756 458 ἔταξε
773 389 850 464 παραὶ
870 388 978 449 θάλασ-

179 499 235 534 σαν
254 476 321 535 ἱέναι
335 475 407 554 ὁμοῦ
419 481 458 556 τῷ
471 480 596 556 ναυτικῷ·
616 475 719 554 ταύτης
731 479 783 553 μὲν
796 476 830 552 δή
844 476 979 554 ε’στρατή·

178 587 244 642 γεον
257 563 416 641 Μαρδόνιός
428 590 460 625 τε
474 565 521 623 καὶ
534 564 696 640 Μασίστης·
712 565 790 642 ἑτέρη
804 564 834 623 δὲ
848 564 979 644 τεταγμέ·

179 675 213 726 νη
230 649 274 726 ἤϊε
289 654 340 710 τοῦ
359 654 483 728 στρατοῦ
503 651 663 729 τριτημορὶς
678 651 730 727 τήν
749 643 914 732 μεσόγαιαν,
928 654 979 727 τῆς

180 731 367 818 ἐστρατήγεον
390 739 613 817 Τριτανταίχμης
638 763 669 797 τε
697 739 743 797 καὶ
766 739 873 819 Γέργις·
901 737 920 814 ἦ
947 739 977 798 δὲ

179 823 259 900 τρίτη
279 828 334 884 τῶν
353 825 478 902 μοιρέων,
492 825 552 902 μετ’
565 822 599 899 ἧς
615 824 760 901 ἐπορεύετο
780 825 863 888 αύτός
882 825 978 902 ὁΞέρ-

181 909 237 985 ξης,
251 909 295 987 ἤϊε
313 913 366 987 μὲν
385 911 418 970 τό
439 912 528 987 μέσον
545 909 656 980 αύτέων,
671 911 845 992 στρατηγούς
860 911 890 970 δὲ
910 937 979 989 παρ-

182 997 272 1076 είχετο
286 998 479 1076 Σμερδομένεά
498 1025 529 1058 τε
550 998 596 1056 καὶ
609 997 790 1078 Μεγάβυζον.

221 1082 256 1142 ‘0
269 1085 322 1161 μέν
335 1109 383 1146 νυν
395 1085 522 1150 ναυτικάς
535 1084 657 1162 στρατός
667 1085 702 1148 ώς
715 1085 815 1162 οἷπείθη
827 1084 883 1144 ύπδ
892 1085 959 1162 Ξέρ-
969 1087 1026 1145 122

155 1235 159 1246 .
182 1170 242 1241 ξεω,
264 1173 310 1231 καὶ
331 1171 500 1242 διεξέπλωσε
520 1173 572 1249 τήν
593 1171 714 1252 διώρυχα
729 1172 781 1249 τὴν
803 1178 832 1232 έν
849 1177 887 1252 τῷ
902 1171 979 1252 Ἀθη)

184 1261 332 1339 γενομένην
350 1260 499 1340 διέχουσαν
517 1261 547 1320 δὲ
565 1266 593 1342 ἐς
611 1260 719 1320 κόλπον
737 1266 766 1320 έν
785 1264 824 1340 τῷ
837 1258 937 1320 Ἄσσα
950 1287 981 1320 τε

185 1346 264 1412 πόλις
283 1349 329 1407 καὶ
342 1349 473 1426 Πίλωρος
493 1349 539 1408 καὶ
552 1349 656 1430 Σίγγος
670 1349 716 1408 καὶ
730 1347 824 1427 Σάρτη
846 1349 979 1425 οἴκηνται·

184 1435 315 1509 ἐνθεῦτεν,
329 1435 365 1499 ώς
386 1437 441 1495 καὶ·
453 1441 483 1496 ἐκ
504 1437 622 1497 τουτέων
642 1441 697 1498 τῶν
717 1438 823 1498 πολίων
845 1437 980 1514 στρατιήν
1036 1461 1038 1471 ’

182 1525 337 1600 παρέλαβε,
352 1525 434 1584 ἔπλεε
447 1524 593 1603 ἀπιέμενος
607 1529 634 1588 ές
646 1525 696 1586 τόν
709 1529 849 1604 Θερμαῖον
863 1523 977 1595 κόλπον,

181 1610 314 1687 κάμπτων
329 1611 359 1670 δὲ
373 1611 521 1690 Ἀμπελον
540 1613 593 1688 τήν
605 1615 763 1691 Τορωναίην
783 1612 878 1691 άκρην,
892 1639 979 1690 παρα-

181 1699 297 1775 μείβετο
309 1697 477 1776 Ἑλληνίδας
495 1701 583 1762 τάσδε
602 1702 686 1765 πόλις
700 1707 730 1761 ἐκ
743 1705 798 1761 τῶν
816 1702 878 1764 νέας
890 1727 921 1760 τε
935 1701 981 1760 καὶ

182 1787 318 1863 στρατιὴν
333 1788 546 1866 παρελάμβανε·
567 1789 703 1865 Τορώνην,
718 1788 862 1865 Γοληψδν,
877 1788 981 1864 Σερμύ-

182 1879 244 1949 λην,
259 1874 457 1951 Μηκύβερναν,
470 1875 623 1935 Ὄλυνθον·
643 1875 727 1953 ἦμέν
747 1901 794 1934 νυν
814 1873 891 1952 χώρη
912 1874 981 1950 αὕτη

184 1962 303 2036 Σιθωνίη
321 1962 459 2020 καλέεται.
500 1961 534 2020 Ὁ
549 1962 578 2020 δὲ
591 1961 717 2023 ναυτικάς
731 1959 851 2036 στρατός
864 1959 880 2018 ὁ
894 1961 960 2036 Ξέρ-
972 1964 1027 2020 123

184 2047 244 2116 ξεω,
272 2047 435 2122 συντάμνων
462 2046 509 2106 ἀπ’
533 2047 678 2123 Ἀμπέλου
705 2046 791 2124 άκρης
818 2045 863 2105 ἐπὶ
887 2046 979 2107 Κανά-

185 2159 302 2210 στραιον
320 2132 414 2210 ἄκρην,
430 2133 463 2194 τό
482 2134 517 2210 δη
535 2133 630 2210 πάσης
649 2138 699 2210 τῆς
715 2132 871 2210 Παλλήνης
890 2133 983 2213 α’νέχει

184 2220 321 2298 μάλιστα,
343 2222 466 2282 ἐνθεῦτεν
488 2223 550 2284 νέας
569 2247 601 2281 τε
620 2222 666 2281 καὶ
684 2221 819 2300 στρατιὴν
839 2221 983 2300 παρελάμ-

184 2311 257 2385 βανε
275 2315 305 2368 ἔκ
326 2309 485 2386 Ποτιδαίης,
503 2310 549 2368 καὶ
561 2309 702 2386 Ἀφύτιος,
718 2309 764 2368 καὶ
777 2310 852 2386 Νέης
866 2309 982 2382 Πύλιος,

186 2398 232 2456 καὶ
251 2401 347 2480 Αἰγῆς,
364 2399 410 2456 καὶ
424 2397 572 2475 Θεράμβω,
588 2398 633 2456 καὶ
647 2397 777 2474 Σκιώνης,
797 2398 843 2456 καὶ
864 2397 983 2475 Μένδης,

186 2486 232 2544 καὶ
253 2486 352 2563 Σάνης·
379 2484 460 2556 αὗται
480 2486 535 2568 γάρ
559 2490 614 2545 εἰσι
635 2489 665 2546 αἱ
685 2486 737 2562 την
757 2489 805 2546 νῦν
827 2486 984 2565 Παλλήνην

185 2573 320 2652 πρότερον
333 2575 363 2634 δὲ
375 2576 505 2656 Φλέγρην
517 2575 688 2652 καλεομένην
701 2573 859 2651 νεμόμεναι.
895 2600 984 2652 παρα-

186 2661 279 2722 πλέων
300 2662 330 2722 δὲ
351 2663 397 2720 καὶ
414 2663 518 2738 ταύτην
534 2662 586 2738 τὴν
603 2660 697 2740 χώρην
717 2663 800 2722 ἔπλεε
820 2667 847 2726 ἐς
864 2661 898 2722 τό
914 2688 982 2739 προ·

187 2749 337 2825 ειρημένον,
367 2749 598 2827 παραλαμβάνων
628 2749 764 2826 στρατιὴν
795 2750 841 2810 καὶ
871 2753 902 2808 ἔκ
929 2754 985 2810 τῶν

186 2835 348 2914 προσεχέων
368 2837 475 2896 πολίων
494 2841 530 2914 τῇ
552 2837 702 2916 Παλλήνη,
724 2836 932 2914 ὁμουρεουσέων
953 2837 983 2896 δὲ

186 2927 225 3002 τῷ
237 2924 364 3002 Θερμαίῳ
385 2923 489 3003 κόλπῳ,
509 2927 579 3002 τῇσι
597 2924 737 3002 ούνάματά
757 2930 819 2984 ε’στι
839 2923 914 2983 τάδε·
935 2925 985 2982 Λί-

187 3011 283 3081 παξος,
304 3011 468 3089 Κώμβρεια,
487 3013 584 3081 Λίσαι,
601 3013 729 3092 Γίγωνος,
747 3011 865 3088 Κάμψα,
881 3011 984 3086 Σμίλα,

187 3100 291 3160 Αἴνεια·
318 3099 338 3175 ἦ
359 3099 389 3158 δὲ
409 3099 527 3159 τουτέων
548 3099 626 3177 χώρη
647 3099 801 3174 Κροσσαίη
826 3097 865 3154 ἔτι
889 3095 935 3154 καὶ
959 3101 986 3159 ές

96 3183 250 3269 ΙῘΖ-,ὺτόδε
272 3188 437 3276 καλέεταιΔ
450 3185 506 3245 οἷπδ
528 3184 557 3244 δὲ
578 3185 695 3259 Αἰνείης,
717 3181 818 3266 ε’ςτήν
839 3179 987 3242 ε’τελεύτων

188 3275 348 3358 καταλέγων
363 3274 414 3345 τάς
432 3273 523 3344 πόλις,
537 3271 594 3333 οἷτὸ
613 3270 716 3345 ταύτης
735 3265 789 3344 ἤδη
809 3271 837 3331 ἐς
853 3265 937 3328 αύτόν
955 3295 987 3330 τε
