2204 3430
135 134 245 198 ιι-ιο]
434 134 638 184 υυνυιΧοΡΗ.
908 135 938 182 21

132 211 257 292 ταγόρης
270 213 349 294 ἔλεγε
362 211 433 290 πρός
446 211 530 272 αὐτόν
543 211 620 271 τόδε·
640 222 658 248 “
667 211 835 288 Κλεόμενες,
850 235 939 270 σπου·

133 301 186 376 δήν
198 302 250 376 μὲν
261 299 312 376 τήν
331 303 401 377 ἐμήν
413 299 454 377 μή
468 299 602 380 θωμάσῃς
614 305 665 377 τῆς
682 300 800 360 ἐνθαῦτα
819 298 937 369 ἀπίξιος·

132 387 169 448 τά
196 387 252 469 γάρ
274 387 430 464 κατήκοντά
455 394 517 448 ε’στι
540 393 664 449 τοιαῦτα.
713 387 811 448 Ἰῶνων
837 387 939 452 παῖδας

134 475 251 540 δούλους
272 477 341 537 εἶναι
361 475 419 536 ἀντ’
434 477 585 554 ἐλευθέρων
601 476 705 540 ὄνειδος
720 476 766 535 καὶ
785 475 872 557 άλγος
889 476 938 552 με’-

132 589 235 645 γιστον
254 567 306 642 μὲν
327 564 439 625 αύτοῖσι
458 565 534 643 ἡμῖν,
557 567 596 626 ἔτι
617 565 646 624 δὲ
665 568 721 624 τῶν
739 568 846 624 λοιπῶν
863 561 936 641 ύμῖν),

133 651 193 732 ὅσῳ
213 653 371 730 προέστατε
391 653 443 729 τῆς
462 652 608 716 Ἑλλάδος.
653 657 701 714 νῦν
718 651 762 723 ὧν,
779 651 850 730 πρδς
867 653 936 712 θεῶν

132 743 188 798 τῶν
213 739 376 817 Ἑλληνίων,
403 739 533 818 ῥύσασθε
560 740 659 804 Ἴωνας
693 745 723 799 ἔκ
757 741 936 816 δουλοσύνης,

133 826 235 904 ἄνδρας
252 827 417 904 ὁμαίμονας.
460 828 592 892 εύπετέως
612 829 641 888 δὲ
656 828 723 906 ύμῖν
737 831 826 888 ταῦτα
842 827 888 888 οἶά
904 855 937 888 τε

132 914 248 992 χωρέειν
266 917 337 974 ε’στί·
366 914 430 974 οὔτε
447 916 502 995 γάρ
522 919 548 974 οἱ
568 915 715 993 βάρβαροι
736 914 853 993 ἅλκιμοί
872 920 935 986 εἶσι,

132 1001 212 1078 ύμεῖς
227 1027 259 1061 τε
274 1000 310 1061 ταὶ
328 1005 355 1064 ές
374 1000 424 1061 τὸν
440 1001 566 1078 πόλεμον
582 1008 609 1065 ἐς
628 1001 664 1060 τοὶ
682 1003 804 1082 μέγιστα
823 1001 937 1077 ἀνήκετε

133 1089 235 1165 ἀρετῆς
248 1090 321 1166 πέρι·
341 1088 404 1166 ἥτε
417 1089 496 1168 μάχη
511 1089 601 1149 αύτῶν
615 1089 678 1148 ἐστὶ
693 1087 794 1166 τοιήδε,
808 1088 877 1158 τόξα
891 1091 936 1148 καὶ

134 1176 224 1254 αἰχμή
245 1179 367 1257 βραχέα·
392 1177 556 1256 α’ναξυρίδας
576 1178 606 1237 δὲ
630 1178 740 1258 ἔχοντες
761 1177 888 1256 ἔρχονται
909 1183 937 1241 ἐς

133 1263 185 1326 ταὶς
196 1265 289 1344 μάχας
306 1266 351 1325 καὶ
370 1267 528 1343 κυρβασίας
544 1266 590 1326 ε’πὶ
605 1271 674 1344 τῇσι
689 1269 843 1344 κεφαλῇσι·
865 1265 936 1325 οὕτω

134 1351 258 1418 εὐπετέες
275 1355 445 1434 χειρωθῆναί
458 1359 523 1414 εἰσι.
565 1355 672 1415 ἔστιδὲ
690 1354 736 1412 καὶ
754 1353 846 1435 α’γαθοὶ
859 1358 936 1414 τοῖσι

132 1439 185 1516 τήν
204 1440 320 1520 ἤπειρον
341 1443 446 1519 ἐκείνην
470 1443 656 1520 νεμομένοισι,
685 1441 741 1502 ὅσα
769 1441 830 1501 οὐδὲ
857 1439 935 1502 τοῖσι

133 1528 278 1590 συνάπασι
298 1529 425 1590 άλλοισι·
447 1530 503 1590 οἶπό
519 1535 628 1610 χρυσοῦ
644 1530 835 1608 ἀρξαμένοισι,
852 1529 935 1612 ἄργυ-

132 1643 181 1693 ρος
197 1619 243 1676 καὶ
258 1618 366 1698 χαλκός
385 1619 431 1677 καὶ
451 1618 538 1695 ἐσθής
556 1619 672 1696 ποικίλη
689 1619 735 1677 καὶ
750 1618 887 1700 ύποζύγιό
904 1644 935 1679 τε

134 1705 179 1762 καὶ
192 1705 361 1782 ἀνδράποδα·
379 1705 415 1766 τά
429 1707 505 1786 θυμῷ
515 1707 687 1784 βουλόμενοι
700 1705 780 1766 αὐτοὶ
790 1703 824 1766 ἂν
834 1708 934 1785 ἔχοιτε.

81 1784 87 1794 ’
134 1794 309 1870 κατοίκηνται
330 1795 359 1853 δὲ
380 1793 514 1871 α’λλήλων
537 1794 672 1873 ε’χόμενοι,
692 1795 728 1857 ῶς
749 1793 803 1875 ε’γῶ
822 1794 934 1872 φράσω.

132 1876 230 1940 Ἰώνων
249 1884 301 1957 μὲν
320 1882 406 1942 τῶνδε
427 1882 484 1940 οἵδε
507 1883 602 1952 Λυδοὶ,
627 1881 761 1944 οἰκέοντές
787 1907 818 1940 τε
841 1882 935 1960 χώρην

132 1965 243 2048 α’γαθήν
267 1969 313 2026 καὶ
337 1968 602 2048 πολυαργυρώτατοι
624 1966 739 2030 έόντες·”
774 1968 879 2030 δεικνύς
906 1970 935 2028 δὲ

521 2054 528 2074 ἱ
621 2055 630 2076 Ι

133 2056 213 2134 ἔλεγε
226 2059 314 2114 ταῦτα
328 2059 355 2118 ε’ς
366 2058 417 2130 τῆς
429 2059 482 2136 γῆς
494 2080 546 2129 την
563 2054 693 2130 περιοδον
708 2051 761 2130 τήν
775 2056 890 2131 ἐφέρετο
907 2061 935 2116 έν

131 2145 171 2219 τῷ
188 2141 284 2200 πίνακι
300 2142 510 2218 ἐντετμημένην·
536 2151 554 2176 “
563 2141 660 2202 Λυδῶν
679 2140 733 2212 δέ,”
748 2143 802 2218 ἔφη
816 2143 905 2224 λέγων
918 2143 934 2204 ό

132 2228 344 2310 Ἀρισταγόρης,
358 2229 437 2289 “οἷδε
447 2230 557 2309 ἔχονται
570 2228 684 2312 Φρύγες,
696 2233 723 2290 οἱ
736 2230 807 2308 πρός
819 2231 871 2306 τήν
883 2231 932 2308 η’ῶ,

131 2318 423 2395 πολυπροβατώτατοι
441 2343 471 2378 τε
489 2317 580 2382 ε’όντες
593 2317 722 2379 ἁπάντων
734 2323 790 2380 τῶν
804 2319 858 2400 ε’γιδ
872 2320 933 2379 οἶδα

132 2407 178 2464 καὶ
198 2406 452 2485 πολυκαρπότατοι.
494 2411 610 2488 Φρυγῶν
630 2407 660 2466 δὲ
681 2408 791 2486 ἔχονται
812 2415 933 2468 Καππα-

131 2494 219 2568 δόκαι,
240 2496 305 2560 τούς
327 2495 408 2573 ἡμεῖς
435 2496 551 2574 Συρίους
573 2497 719 2572 καλέομεν·
750 2496 877 2556 τούτοισι
904 2498 934 2556 δὲ

130 2583 286 2662 πρόσουροι
301 2588 425 2654 Κιλικες,
440 2582 605 2660 κατήκοντες
623 2584 669 2642 ε’πὶ
686 2584 838 2645 θάλασσαν
850 2584 933 2661 τήνδε

131 2675 161 2730 έν
179 2669 199 2750 ᾗ
219 2671 268 2748 ἥδε
289 2672 404 2749 Κύπρος
427 2675 515 2747 νῆσος
536 2671 635 2731 κέεται·
657 2671 684 2731 οἳ
698 2672 870 2734 πεντακόσια
885 2673 932 2732 τά·

131 2763 221 2818 λαντα
232 2761 354 2835 βασιλέϊ
366 2758 415 2820 τόν
432 2760 554 2819 ἐπέτειον
567 2759 658 2837 φόρον
672 2764 840 2820 ἐπιτελεῦσι.
882 2768 933 2820 Κι-

130 2847 216 2904 λίκων
238 2846 267 2904 δὲ
288 2847 373 2906 τῶνδε
400 2847 511 2925 ἔχονται
533 2846 674 2924 Ἀρμένιοι
695 2849 762 2918 οἵδε,
785 2849 831 2908 καὶ
855 2847 933 2908 οὗτοι

130 2933 222 2996 ε’όντες
230 2933 457 3010 πολυπρόβατοι.
478 2934 630 3012 Ἀρμενίων
640 2935 670 2994 δὲ
680 2935 829 3010 Ματιηνοὶ,
839 2934 933 3012 χώρην

128 3021 212 3097 τήνδε
224 3021 344 3100 ἔχοντες.
385 3022 477 3099 ἔχεται
490 3023 519 3081 δὲ
531 3021 637 3082 τούτων
648 3047 686 3103 γη
700 3021 749 3098 ἥδε
763 3021 883 3091 Κισσίη·
899 3023 928 3075 ἐν

128 3117 164 3190 τῇ
178 3111 212 3187 δή
225 3108 303 3187 παρά
316 3109 444 3185 ποταμόν
455 3111 535 3170 τόνδε
548 3109 688 3184 Χοάσπην
702 3104 813 3182 κείμενά
827 3108 887 3159 ἔστι
896 3100 932 3158 τὰ

129 3201 228 3264 Σοῦσα
234 3202 332 3267 ταῦτα,
342 3197 407 3256 ἔνθα
414 3196 554 3272 βασιλεύς
562 3221 593 3255 τε
601 3196 688 3274 μέγας
697 3194 804 3251 δίαιταν
811 3185 933 3243 ποιέεται

130 3289 175 3347 καὶ
183 3292 239 3348 τῶν
248 3283 400 3366 χρημάτων
413 3287 440 3344 οἱ
454 3283 592 3360 θησαυροὶ
602 3277 720 3340 ἐνθαῦτά
731 3279 795 3333 εἶσι.
823 3269 933 3331 ἑλόντες

146 3364 172 3402 Π
181 3372 229 3402 -ο
