2294 3430
192 118 239 166 ιιι
496 115 678 166 Ἧοοιουου
902 90 982 177 ῑνιι.
1124 115 1135 173 ν

188 196 342 270 φθῆναι
306 221 356 270 της
366 197 525 274 ναυμαχίης.
554 193 631 256 οὗτοι
644 197 696 272 μὲν
709 193 779 254 ούτω
789 193 985 270 διεκρούσαντο

186 281 412 358 τούςἜλληνας

141 371 196 428 169
247 372 356 444 Κρῆτες
383 369 463 438 δὲ’
450 370 513 428 επεί
535 369 567 428 τέ
593 375 684 444 σφεας
711 325 984 446 παρελόμβανον“
958 396 984 428 οι

107 517 110 524 ,
187 456 232 514 ε’πὶ
245 455 370 515 τούτοισι
388 440 540 562 ταχθέντας
551 455 731 532 Ελλήνων,’
719 457 854 532 εποίησαν
867 455 984 516 τοιόνδε·

186 544 345 620 πέμψαντες
366 569 443 621 κοινη
430 543 670 620 θεοπρόπους’
657 570 685 606 ες
700 542 881 618 Δελφους
849 568 899 604 τον
920 543 985 604 θεόν

187 629 346 706 ἔπειριότων,
368 631 394 688 εἶ
413 636 468 706 σφι
494 629 606 707 ἄμεινον
631 631 736 711 γίνεται
755 631 921 706 τιμωρέουσι
947 631 984 710 τῇ

185 715 320 786 Ἐλλάδα
348 717 414 793 ήδὲ
430 719 523 794 Πυθίη
540 717 713 794 ύπεκρίνατο·
742 717 788 776 “03
805 717 907 792 νήπιοι,
926 723 983 778 ἔπι·

158 834 164 841 ·
185 804 334 880 μέμφεσθε
356 804 412 866 ὅσα
432 804 497 882 ύμῖν
516 811 545 865 ε’κ
563 809 618 864 τοῖν
635 806 766 883 Μενέλεῳ
783 806 983 882 τιμωρημάτων

185 892 280 954 Μίνως
301 894 407 971 έπεμψε
428 893 532 970 μηνίων
558 892 725 969 δακρύματα,
750 891 793 952 ὅτι
820 894 846 950 οῖ
871 894 923 968 μὲν
950 887 983 952 ού

184 979 422 1057 συνεξεπρήξαντο
436 980 508 1058 αύτῷ
525 979 574 1039 τόν
596 984 624 1039 ἒν
642 980 764 1058 ΚαμίκῳΙ
772 977 891 1038 θάνατον
905 981 981 1059 γενό-

183 1092 276 1142 μενον,
286 1067 364 1144 ὑμεῖς
374 1068 403 1126 δὲ
414 1069 529 1126 κείνοισι
542 1066 593 1142 τήν
607 1071 637 1125 έκ
648 1065 778 1144 Σπάρτης
788 1065 983 1144 άρπαχθεῖσαν

184 1153 231 1214 ὕπ’
249 1154 348 1232 ἀνδρός
368 1153 519 1232 βαρβάρου
539 1152 679 1234 γυναῖκα,”
720 1157 807 1213 ταῦτα
826 1157 852 1212 οῖ
873 1157 983 1229 Κρῆτες

184 1241 219 1306 αῖς
245 1241 441 1321 ἀπενειχθέντα
467 1239 598 1319 ἤκουσαν,
622 1242 740 1320 ἔσχοντο
766 1244 816 1316 τῆς
841 1243 980 1318 τιμωρίης.

138 1329 323 1410 17οΛέγεται
342 1329 397 1410 γάρ
417 1330 514 1388 Μίνων
534 1328 604 1390 κατά
624 1329 741 1405 ζήτησιν
758 1326 901 1388 Δαιδάλου
918 1328 981 1388 άπι-

183 1415 300 1492 κόμενον
321 1421 348 1480 ἒς
369 1417 498 1492 Σικανίην
515 1415 567 1493 τήν
584 1420 631 1477 νῦν
652 1417 782 1492 Σικελίην
801 1416 979 1492 καλευμένην,

182 1501 332 1564 ιῖποθανεῖν
353 1503 437 1582 βιαίῳ
459 1503 576 1583 θανάτῳ·
607 1502 661 1564 οἷνιῖ
681 1503 711 1562 δὲ
732 1503 833 1582 χρόνον
857 1508 979 1580 Κρῆτας,

183 1591 247 1650 θεοῦ
267 1596 326 1665 σφε
347 1589 553 1666 ἐποτρύναντος,
571 1590 676 1654 πάντας
692 1591 768 1666 πλήν
790 1592 980 1668 Πολιχνιτέων

180 1702 212 1736 τε
238 1677 284 1736 καὶ
310 1677 456 1754 Πραισίων
483 1676 664 1753 ἀπικομένους
693 1677 788 1756 στόλῳ
811 1677 925 1758 μεγάλῳ
952 1683 980 1742 ές

182 1764 319 1840 Σικανίην,
334 1766 507 1842 πολιορκέειν
521 1763 562 1824 ἐπ’
577 1765 639 1826 ἔτεα
647 1765 729 1824 πέντε
742 1763 828 1824 πόλιν
841 1765 977 1841 Κάμικον·

179 1850 232 1927 τήν
252 1851 311 1912 κατ’
327 1855 375 1929 ἐμὲ
393 1851 603 1934 Ἀκραγαντῖνοι
619 1853 756 1930 ἐνέμοντο·
784 1852 866 1914 τέλος
886 1852 922 1926 δὲ,
945 1852 978 1914 ού

181 1939 345 2017 δυναμένους
363 1940 425 2001 οὔτε
443 1945 523 2014 ἑλεῖν,
539 1939 600 2001 ούτε
613 1940 781 2018 παραμένειν
794 1943 866 2018 λιμῷ
878 1965 977 2000 συνεσ-

179 2031 288 2099 τεῶτας,
303 2027 492 2092 ἀπολιπόντας
506 2028 642 2108 οἴχεσθαι·
657 2026 693 2091 ιός
705 2027 735 2086 δὲ
751 2027 822 2086 κατὰ
834 2025 977 2108 Ἰηπυγίην

178 2118 310 2198 γενέσθαι
340 2117 491 2186 πλώοντας,
520 2114 704 2192 ύπολαβόντα
734 2115 826 2191 σφέας
854 2120 977 2192 χειμῶνα
1024 2165 1027 2174 .

177 2205 267 2285 μέγαν
283 2199 428 2280 ε’κβαλέειν
446 2209 474 2268 ἐς
489 2204 540 2280 τήν
554 2207 618 2284 γῆν·
639 2202 866 2281 συναραχθέντων
880 2201 909 2260 δὲ
922 2207 976 2263 τῶν

178 2291 291 2360 πλοίων,
319 2290 448 2367 ου’δεμίαν
467 2291 522 2371 γάρ
543 2297 598 2366 σφι
619 2291 658 2350 ἔτι
679 2289 794 2367 κομιδήν
814 2293 841 2351 ἐς
862 2289 976 2366 Κρήτην

179 2377 337 2453 φαίνεσθαι,
359 2378 475 2438 ἐνθαῦτα
494 2376 590 2454 Ὑρίην
613 2377 697 2437 πόλιν
719 2378 866 2439 κτίσαντας
894 2401 974 2434 κατα-

176 2463 271 2539 μεῖναί
281 2488 312 2522 τε
325 2463 371 2522 καὶ
383 2462 597 2542 μεταβαλόντας
610 2463 671 2525 ιῖντὶ
683 2467 734 2540 μὲν
749 2467 866 2541 Κρητῶν
879 2464 975 2543 γενέσ-

177 2551 225 2610 θαι
243 2548 374 2631 Ἰήπυγας
394 2553 588 2623 Μεσσαπίους,
609 2550 670 2612 άντὶ
690 2551 719 2611 δὲ
740 2552 808 2612 εἶναι
831 2550 974 2628 νησιιύτας,
1003 2563 1006 2571 “

176 2631 338 2746 ήηειριίτας·
360 2636 416 2698 ιῖπό
429 2639 459 2698 δὲ
471 2637 565 2717 Ὑρίης
577 2638 677 2702 πόλιος
689 2638 739 2701 τοὶς
756 2638 846 2702 ἄλλας
861 2639 974 2698 οἰκίσαι·

175 2725 225 2789 τάς
245 2724 279 2802 δή
299 2731 462 2802 Ταραντῖνοι
481 2727 572 2806 χρόνῳ
598 2725 716 2803 ὕστερον
742 2730 840 2803 πολλιῖ
868 2727 974 2794 ἐξανισ-

175 2811 271 2876 τάντες
296 2817 509 2904 προσέπταισαν
534 2812 672 2923 μεγάλμς·
704 2811 776 2872 ὥστε
800 2783 886 2888 φόνος
909 2812 975 2872 Ελ-

175 2900 335 2976 ληνικδς
297 2928 430 2984 μεγιστος
444 2898 524 2964 οὗτος
537 2901 598 2960 δτ’
586 2901 693 2981 εγένετο
706 2899 815 2960 πάντων
828 2903 883 2960 τῶν
894 2899 974 2976 ἡμεῖς

175 2987 317 3063 ίδμεν,’
283 2995 372 3049 αυτῶν
394 3015 425 3049 τε
448 2986 622 3064 Ταραντίνων
646 2987 691 3044 καὶ
710 2985 851 3067 Ρηγίνων,
873 2985 935 3045 οἳ
918 2985 973 3046 υπό

176 3073 304 3136 Μικύθου
320 3079 369 3135 τοῦ
386 3077 491 3151 Χοίρου
510 3071 726 3153 ἀναγκαζόμενοι
744 3078 799 3132 τοῖν
818 3073 910 3132 ιῖστιῖν
927 3072 973 3132 καὶ
1129 3099 1135 3172 η

175 3158 337 3238 ἀπικόμενοι
361 3161 476 3238 τιμωροὶ
501 3158 705 3237 Ταραντίνοισι,
730 3157 869 3220 ἀπέθανον
894 3185 973 3237 τρισ-
1052 3211 1094 3226 Λ

176 3245 264 3323 χίλιοι
273 3247 352 3309 οὕτω·
366 3249 456 3310 αὐτῶν
469 3247 498 3306 δὲ
510 3245 683 3324 Ταραντίνων
692 3243 741 3307 ούκ
752 3243 836 3322 ἐπέην
845 3244 970 3323 ἀριθμός·
996 3231 1113 3379 γένη)

1014 3359 1084 3371 2...
