2294 3430
216 105 322 168 76—83]
518 101 702 151 ΠΟΑΤΜΝΙΑ.
890 92 893 96 ⁸
967 103 1012 150 153

214 187 354 264 μαχαίρας
373 185 454 264 εἶχον.
500 187 605 260 Μαρῶν
626 183 655 240 δέ
676 181 721 242 καὶ
738 179 860 260 Κόλχων
874 180 945 260 ’ἦρχε
957 190 1012 240 Φα-

214 273 350 351 ρανδάτης
364 272 379 330 ὅ
393 273 541 334 Τεάσπιος.
576 269 737 347 Ἀλαρόδιοι
756 271 785 327 δὲ
800 270 844 327 καὶ
859 269 1013 348 Σάσπειρες

215 362 337 438 κατάπερ
357 361 469 439 Κόλχοι
491 361 659 437 ὁπλισμένοι
681 357 888 436 ἐστρατεύοντο·
910 359 1012 420 τούτων

213 451 243 508 δὲ
257 450 419 511 Μασίστιος
433 449 448 506 ὁ
464 450 632 525 Σιρομίτρεω
646 448 725 527 ἦρχε.
762 447 803 505 Τά
818 448 846 506 δὲ
860 449 1009 523 νησιωτικά
1021 451 1059 509 80

213 539 291 598 ἔθνεα
305 537 341 598 τά
356 543 385 596 έκ
401 541 450 614 τῆς
463 537 598 614 Ἐρυθρῆς
612 536 761 612 θαλάσσης
776 537 904 614 ἑπόμενα,
920 537 1012 612 νήσων

212 627 242 685 δὲ
256 632 284 686 ἒν
296 632 365 705 τῇσι
377 626 442 688 τούς
453 625 652 688 ἀνασπάστους
667 627 851 701 καλεομένους
866 627 1012 695 κατοικίζει

211 714 359 790 βασιλεύς,
374 713 520 794 άγχοτάτω
539 718 593 773 τῶν
607 715 739 788 Μηδικῶν
762 715 837 792 εἶχον
859 713 965 787 ἐσθῆτά
980 740 1011 774 τε

212 804 257 860 καὶ
276 803 361 862 ὅπλα.
382 803 487 862 τούτων
505 803 534 860 δὲ
554 807 608 862 τῶν
629 803 784 878 νησιωτέων
797 802 867 880 ἦρχε
882 793 1009 878 Μαρδόν-

210 916 259 966 της
279 891 442 972 ό-Βαγαίου,
458 890 488 954 ὃς
509 896 537 950 έν
556 890 679 969 Μυκάλη
699 890 877 970 στρατηγέων
898 890 1011 968 δευτέρῳ

211 979 264 1038 ἔτεϊ
283 979 387 1040 τούτων
409 979 574 1054 ἐτελεύτησε
595 983 623 1038 έν
643 984 678 1056 τῇ
699 979 787 1057 μάχη.
838 1015 840 1021 ·

251 1072 345 1128 -Ταΰτα
361 1067 396 1143 ἦν
409 1067 445 1127 τοὶ
459 1067 517 1126 κατ’
531 1067 645 1144 ἤπειρον
658 1066 865 1144 στρατευόμενά
877 1091 908 1126 τε
923 1067 1008 1136 έθνεα,
1020 1070 1055 1126 81

148 1191 163 1206 «ι
211 1157 256 1214 καὶ
267 1157 425 1236 τεταγμένα
439 1162 466 1218 ές
479 1155 511 1215 τδ
526 1157 618 1226 πεζόν.
660 1156 759 1216 τούτου
774 1155 810 1214 ὧν
823 1159 874 1216 τοῦ
888 1159 1010 1230 στρατοῦ

209 1243 298 1322 ἦρχον
317 1243 393 1304 οὗτοι
414 1245 493 1322 οἵπερ
512 1245 640 1322 εἰρέαται·
662 1244 707 1302 καὶ
726 1248 752 1302 οἱ
770 1241 945 1310 διατάξαντες
966 1243 1011 1302 καὶ

211 1331 445 1410 ἐξαριθμήσαντες
468 1332 544 1393 οὗτοι
567 1333 650 1409 ἦσαν,
673 1334 719 1391 καὶ
740 1331 890 1414 χιλιάρχας
912 1351 942 1390 τε
966 1332 1012 1390 καὶ

209 1420 364 1500 μυριάρχας
377 1421 569 1491 άποδέξαντες·
591 1421 794 1502 ἑκατοντάρχας
809 1421 897 1480 δὲκαὶ
917 1420 1009 1498 δεκάρ·

208 1534 261 1586 χας
280 1513 306 1568 οἱ
323 1510 483 1588 μυριάρχαι.
524 1511 627 1571 τελέων
648 1512 676 1572 δὲ
698 1513 743 1569 καὶ
763 1512 861 1571 ἐθνέων
874 1509 948 1585 ἦσαν
961 1507 1009 1566 άλ-

209 1599 256 1656 λοι
276 1598 459 1675 σημάντορες·
480 1599 555 1674 ἦσαν
568 1603 620 1676 μὲν
634 1599 667 1676 δή
683 1598 768 1670 οὗτοι,
784 1601 863 1677 οἷπερ
883 1599 1009 1676 εἰρέαται,

209 1684 349 1764 ἄρχοντες.
389 1686 597 1768 Ἐστρατήγεον
613 1689 642 1746 δὲ
655 1688 759 1747 τούτων
771 1714 802 1746 τε
817 1689 925 1746 καὶτοῦ
939 1686 1010 1762 σύμ·
1020 1688 1057 1744 82

209 1799 311 1836 παντος
324 1779 447 1851 στρατοῦ
460 1780 510 1834 τοῦ
523 1777 608 1846 πεζοῦ
618 1775 778 1852 Μαρδόνιός
790 1802 821 1836 τε
835 1776 851 1834 ὁ
865 1774 1010 1852 Γωβρύεωη

209 1862 254 1918 καὶ
269 1863 493 1938 Τριτανταίχμης
506 1862 521 1920 ὁ
535 1862 713 1936 Ἀρταβάνου
733 1869 784 1920 τοῦ
801 1863 914 1942 γνώμην
933 1864 1010 1939 θεμέ-

208 1971 256 2006 νου
276 1948 317 2023 μή
339 1948 542 2022 στρατεύεσθαι
557 1949 602 2005 ε’πὶ
616 1948 667 2022 την
680 1949 815 2016 Ἑλλάδα,
831 1949 877 2006 καὶ
890 1951 1010 2024 Σμερδο-

207 2034 291 2108 μένης
314 2031 632 2110 όὈτάνεω-Δαρείου
654 2034 810 2111 ἀμφότεροι
831 2033 908 2094 οὗτοι
929 2034 1009 2094 οἷδελ-

209 2123 285 2193 φεῶν
298 2120 402 2190 παῖδες,
413 2120 504 2200 Ξέρξη
519 2122 548 2180 δὲ
562 2121 685 2202 ἐγίνοντο
707 2121 902 2200 ἀνεψιοὶ-καὶ
916 2126 1010 2182 Μασί-

208 2234 279 2285 στης
295 2209 310 2270 ὁ
325 2209 445 2286 Δαρείου
459 2235 490 2268 τε
504 2211 549 2268 καὶ
563 2209 706 2286 Ἀτόσσης
726 2214 799 2281 παῖς,
815 2211 860 2269 καὶ
876 2211 974 2292 Γέργις
995 2212 1010 2273 ὁ

207 2295 326 2382 Ἀρίζου,
346 2299 392 2358 καὶ
413 2298 585 2380 Μεγάβυζος
606 2298 622 2358 ό
642 2299 785 2376 Ζωπύρου.
828 2297 915 2360 Οὗτοι
936 2299 1010 2375 ἦσαν
1019 2304 1056 2360 83

208 2388 362 2470 στρατηγοὶ
375 2391 425 2448 τοῦ
439 2387 601 2465 σύμπαντος
615 2393 738 2465 στρατοῦ
752 2389 844 2462 πεζοῦ,
860 2389 943 2468 χωρὶς
955 2394 1010 2450 τῶν

206 2479 320 2554 μυρίων·
340 2482 395 2538 τῶν
418 2477 446 2536 δέ
468 2477 572 2555 μυρίων
593 2477 697 2537 τούτων
718 2478 851 2554 Περσέων
869 2483 922 2537 τῶν
941 2475 1009 2537 άπο·

207 2567 382 2646 λελεγμένων
404 2566 571 2648 ἐστρατήγεε
592 2569 643 2644 μὲν
660 2565 794 2642 Ὑδάρνης
817 2565 833 2625 ό
852 2565 1007 2644 Ὑδάρνεος·

208 2655 356 2714 ἐκαλέοντο
373 2655 402 2714 δὲ
414 2654 565 2716 Ἀθάνατοι
584 2658 610 2714 οἱ
624 2655 736 2732 Πέρσαι
757 2651 834 2714 οὗτοι
855 2655 900 2713 ἐπὶ
918 2655 1008 2714 τοῦδε·

209 2740 286 2802 εἴτις
300 2741 389 2800 αὐτῶν
406 2743 515 2810 ἐξέλιπε
535 2743 585 2803 τόν
606 2741 756 2820 α’ριθμὸνῆ
771 2742 878 2821 θανάτῳ
899 2744 1009 2818 βιηθεὶς

207 2825 225 2900 ἢ
239 2827 337 2906 νούσῳ,
352 2829 441 2892 ἄλλος
455 2829 524 2908 άνηρ
538 2831 681 2908 ἀραίρητο·
703 2830 749 2889 καὶ
763 2832 885 2912 ἐγίνοντο
900 2830 1008 2907 οὐδαμά

208 2913 272 2974 οὔτε
292 2919 408 2980 πλεῦνες
428 2920 532 2995 μυρίων
553 2918 617 2979 ούτε
641 2918 805 2984 ε’λάσσονες.
847 2917 955 3002 κόσμον
979 2919 1008 2976 δὲ

207 3005 345 3063 πλεῖστον
362 3005 529 3083 παρείχοντο
550 3007 595 3066 διαὶ
611 3005 722 3068 πάντων
736 3009 856 3084 Πέρσαι,
871 3007 917 3065 καὶ
930 3005 1009 3065 αὐτοὶ

207 3088 319 3168 άριστοι
332 3091 415 3168 ἦσαν·
437 3093 541 3171 σκευήν
553 3097 605 3172 μὲν
618 3095 748 3172 τοιαύτην
762 3095 838 3174 εἶχον
852 3093 922 3171 ἤπερ
938 3093 1009 3171 ε’ίρη-

206 3205 261 3240 ται·
282 3183 366 3262 χωρὶς
386 3181 423 3253 δὲ,
437 3182 547 3262 χρυσόν
558 3211 590 3244 τε
602 3183 713 3244 πολλδν
727 3185 773 3242 καὶ
786 3181 911 3258 ἄφθονον
932 3183 1005 3262 ἔχον

206 3295 251 3334 τες
264 3272 422 3352 ἐνέπρεπον,
435 3271 601 3350 ἁρμαμάξας
613 3299 644 3334 τε
663 3271 722 3350 ἅμα
735 3271 837 3352 ἤγοντο
851 3275 880 3330 ἐν
893 3269 922 3330 δὲ
936 3275 985 3330 πα)
