2294 3430
187 125 295 190 87-91]
522 124 634 174 ΕΡΔΤΩ.
950 123 982 172 95

186 206 295 266 σασθαι
322 202 364 264 ἐπ’
386 202 565 285 Αἰγινήτῃσι·
593 204 640 264 καὶ
665 201 700 280 ἦν
726 201 781 284 γάρ
807 200 983 280 Νικόδρομος

185 293 309 353 Κνοίθου
337 291 504 368 καλεόμενος
531 297 561 352 ἐν
582 295 618 370 τῇ
641 291 741 372 Αἰγίνῃ
766 289 836 366 άνήρ
863 289 982 365 δόκιμος,

185 378 265 442 οὗτος
285 379 466 456 μεμφόμενος
489 381 541 456 μὲν
561 383 638 440 τοῖσι
659 378 826 459 Αἰγινήτῃσι
846 377 983 454 προτέρην

184 471 285 527 ἐωυτοῦ
303 468 434 537 ἐξέλασιν
452 471 483 526 ἐκ
500 471 551 542 τῆς
569 466 666 543 νήσου,
680 465 777 544 μαθων
792 466 822 526 δέ
836 464 901 525 τότε
919 464 983 528 τοίς

183 552 348 631 Ἀθηναίους
370 554 573 631 ἀναρτημένους
600 555 687 632 ἕρδειν
710 551 860 634 Αἰγινήτας
885 557 981 622 κακῶς,

183 643 342 702 συντίθεται
360 641 536 717 Ἀθηναίοισι
557 641 711 719 προδοσίην
727 642 849 722 Αἰγίνης,
868 640 982 718 φράσας

183 734 262 809 M
273 755 305 790 τε
316 729 407 809 ἡμέρη
421 729 601 808 ἐπιχειρήσει,
613 730 659 788 καὶ
672 729 790 792 ἐκείνους
803 735 830 792 ἐς
842 729 894 805 τήν
906 728 982 805 ἥκειν

182 817 278 893 δεήσει
297 818 479 893 βοηθέοντας·
500 817 572 893 μετά
591 821 687 888 ταῦτα,
702 816 914 894 καταλαμβάνει
931 819 983 894 μὲν

183 905 253 965 κατά
271 904 307 964 τά
326 903 498 980 συνεθήκατο
518 903 533 963 ό
552 905 726 982 Νικόδρομος
739 904 914 980 Ἀθηναίοισι
931 905 982 980 τήν

182 993 306 1069 παλαιὴν
320 993 491 1069 καλεομένην
503 991 597 1051 πόλιν·
618 990 762 1067 Ἀθηναῖοι
775 992 805 1050 δέ
818 991 850 1050 οὗ
863 993 980 1072 παραγί-
990 995 1028 1053 89

182 1105 275 1140 νονται
290 1085 317 1144 ἐς
330 1080 401 1140 δέον·
423 1078 456 1138 οὗ
468 1079 523 1159 γάρ
538 1079 636 1157 ἐτυχον
649 1083 746 1138 ἐοῦσαι
764 1079 822 1142 νέες
835 1085 891 1155 σφι
908 1078 982 1148 α’ξιό·

181 1191 270 1246 μοχοι
282 1172 350 1246 τῇσι
364 1167 531 1248 Αἰγινητέων
548 1167 733 1243 συμβαλέειν·
755 1171 784 1226 ἐν
797 1165 819 1246 ᾧ
832 1165 868 1227 ὦν
882 1173 982 1243 Κοριν-

183 1254 248 1314 θίων
270 1255 377 1316 ἐδέοντο
398 1256 509 1334 χρῆσαί
528 1261 585 1332 σφι
606 1255 676 1326 νέας,
694 1259 722 1314 ἐν
739 1254 827 1334 τοίπερ
846 1254 983 1331 διεφθάρη

181 1339 218 1400 τά
235 1341 397 1422 πρήγματα.
439 1345 466 1402 οἱ
479 1342 509 1403 δέ
523 1342 675 1419 Κορίνθιοι,
691 1341 766 1418 ἦσαν
778 1341 833 1423 γάρ
847 1347 903 1417 σφι
920 1346 981 1402 τοῦ·

181 1454 230 1490 τον
250 1429 299 1490 τόν
321 1431 424 1509 χρόνον
446 1429 529 1506 φίλοι
550 1435 577 1493 ἐς
596 1429 632 1490 τά
653 1429 789 1507 μάλιστα,
808 1429 982 1507 Ἀθηναίοισι

182 1515 289 1577 διδοῦσι
310 1518 468 1595 δεομένοισι
492 1519 581 1578 εἰκοσι
604 1519 675 1588 νέος,
698 1518 806 1578 διδοῦσι
830 1519 860 1578 δὲ
873 1537 981 1578 πειτα·

181 1604 322 1684 δράχμους
337 1604 515 1682 ἀποδόμενοι·
537 1605 651 1681 δωτίνην
670 1606 726 1686 γάρ
741 1612 769 1666 ἐν
782 1611 820 1686 τῷ
834 1606 908 1685 νόμῳ
929 1603 981 1665 ου’κ

182 1693 247 1768 ἐξῆν
260 1693 363 1754 δοῦναι·
383 1693 485 1757 ταύτας
497 1719 528 1754 τε
541 1693 575 1768 δὴ
589 1693 728 1769 λαβόντες
742 1697 769 1754 οἰ
780 1693 923 1770 Ἀθηναῖοι
936 1693 982 1752 καὶ

180 1779 231 1843 τάς
251 1781 398 1858 σφετέρας,
415 1780 615 1857 πληριόσοντες
632 1781 825 1858 ἑβδομήκοντα
847 1781 909 1844 νέας
930 1780 981 1843 τάς

181 1867 301 1940 α’πάσας,
317 1870 417 1928 ἐπλεον
427 1869 473 1928 ἐπὶ
485 1868 537 1946 τήν
551 1869 677 1950 Αἴγιναν·
699 1869 745 1928 καὶ
757 1868 909 1945 ὕστέρισαν
922 1867 987 1944 ἦμέ-

180 1979 217 2032 pn
229 1960 281 2033 μιῇ
290 1959 340 2030 τῆς
348 1956 539 2036 συγκειμένης.
568 1955 745 2033 Νικόδρομος
757 1955 795 2025 δέ,
810 1955 845 2018 οἷς
859 1957 886 2013 οἶ
898 1953 1027 2030 Ἀθη-90

182 2044 255 2101 ναῖοι
268 2047 295 2104 ἐς
308 2041 357 2101 τόν
371 2041 466 2119 καιρόν
480 2043 512 2102 ου’
525 2044 716 2126 παρεγίνοντο,
732 2047 759 2106 ἐς
771 2041 873 2102 πλοῖον
891 2041 981 2118 ἐσβὰς

181 2128 355 2205 ἐκδιδρήσκει
368 2133 399 2188 ἐκ
410 2133 460 2204 τῆς
474 2131 597 2211 Αἰγίνης·
632 2130 686 2192 σιίν
699 2131 730 2189 δέ
743 2134 770 2190 οἰ
783 2130 830 2189 καὶ
845 2129 931 2188 ἄλλοι
951 2133 982 2190 ἐκ

180 2219 236 2276 τῶν
249 2211 424 2298 ΑἰγινητέωνΙ
434 2217 564 2279 ἐσποντο·
606 2222 683 2278 τοῖσι
702 2217 846 2294 Ἀθηναῖοι
867 2216 983 2281 Σούνιον

180 2307 295 2380 οἰκῆσαι
311 2305 421 2366 ἔδοσαν·
443 2308 567 2367 ἐνθεῦτεν
586 2305 615 2366 δέ
632 2303 710 2366 οὗτοι
730 2304 901 2382 όρμειόμενοι
919 2306 981 2381 ἐφε-

179 2391 231 2468 ρόν
246 2419 278 2452 τε
297 2395 343 2453 καὶ
363 2393 433 2475 ἦγον
453 2394 517 2457 τούς
531 2399 560 2454 ἐν
572 2398 608 2472 τῇ
622 2393 698 2472 νήσῳ
716 2387 874 2474 Αἰγινήτας·
894 2397 982 2454 ταῦτα

179 2481 232 2555 μὲν
245 2480 279 2556 δή
292 2479 411 2559 ὕστερον
427 2483 539 2562 ἐγίνετο.
583 2481 751 2562 Αἰγινητέων
771 2481 800 2540 δέ
821 2485 848 2540 οἱ
868 2482 978 2558 παχέες,
990 2482 1026 2540 91

181 2568 387 2632 ἐπαναστάντος
406 2573 456 2629 τοῦ
473 2569 561 2646 δήμου
583 2575 637 2644 σφι
658 2567 716 2646 ἅμα
730 2567 905 2647 Νικοδρόμῳ,
919 2573 979 2626 ἐπε-

180 2655 335 2731 κράτησαν·
356 2659 403 2716 καὶ
424 2657 518 2716 ἔπειτά
540 2663 632 2732 σφεας
651 2655 861 2735 χειρωσάμενοι,
882 2655 982 2736 ἐξῆγον

180 2739 356 2808 άπολέοντες.
391 2743 447 2804 άπό
460 2744 561 2804 τούτου
574 2743 604 2804 δέ
617 2744 663 2803 καὶ
677 2742 744 2824 άγος
757 2749 813 2819 σφι
827 2744 935 2823 ἐγένετο
948 2742 981 2802 τό

180 2829 354 2892 ἐκθύσασθαι
379 2831 428 2892 οὐκ
452 2830 509 2891 οἶοί
528 2857 560 2892 τε
584 2831 707 2910 ἐγίνοντο
732 2829 981 2907 ἐπιμηχανώμενοι·

180 2915 247 2976 ἀλλ’
261 2920 390 2995 ἔφθησαν
406 2917 571 2981 ἐκπεσόντες
586 2917 723 2994 πρότερον
741 2921 771 2976 ἐκ
788 2921 838 2990 τῆς
856 2915 944 2989 νήσου
962 2913 982 2990 ἧ

179 3010 237 3080 σφι
251 3006 332 3064 ἵλεων
344 3006 476 3085 γενέσθαι
488 3005 540 3079 τήν
554 3003 627 3065 θεόν·
668 3002 851 3063 ἑπτακοσίους
870 3001 925 3079 γάρ
946 3000 980 3074 δή

179 3095 230 3152 τοῦ
251 3091 340 3168 δήμου
359 3090 559 3170 ζωγρήσαντες,
574 3091 673 3170 ἐξῆγον
692 3089 727 3154 ὥς
746 3088 921 3148 ἀπολέοντες·
943 3085 981 3148 εἰς

179 3178 212 3238 δέ
229 3204 272 3243 τις
290 3177 395 3238 τούτων
416 3177 543 3256 ἐκφυγών
563 3176 600 3236 τά
620 3176 712 3252 δεσμά
728 3171 898 3250 καταφεύγει
910 3171 981 3246 πρδτ

180 3266 310 3345 πρόθυρα
330 3263 480 3343 Δήμητρος
501 3260 695 3338 θεσμοφόρου·
717 3254 970 3334 ἐπιλαμβανόμενοι
