2294 3430
172 68 220 116 ιιι
482 66 665 137 Ἦνοᾼουας
893 61 972 128 [vn.
1124 93 1130 134 ,

171 144 293 210 Σκιάθου
305 171 337 206 τε
347 146 394 205 καὶ
406 146 584 227 Μαγνησίης,
598 143 767 221 καλεόμενον
779 143 809 204 δέ
819 141 972 220 Μύρμηκα.

172 234 291 293 ἐνθαῦτα
306 236 333 293 οἱ
346 232 492 311 βάρβαροι
505 232 599 308 ἐπειδή
616 231 726 307 στήλην
739 231 821 291 λίθου
835 231 973 306 ἐπέθηκαν

172 321 338 396 κομίσαντες
350 321 396 378 ἐπὶ
408 319 441 381 τό
455 320 534 397 ἕρμα,
543 319 710 396 ὁρμηθέντες
723 318 802 378 αὐτοὶ
813 323 842 376 ἐκ
852 318 970 395 Θέρμης,

171 406 206 470 ὥς
227 413 283 483 σφι
308 405 341 468 τό
370 407 496 484 ἐμποδῶν
523 405 649 488 ἐγεγόνεε
675 404 805 482 καθαρόν,
834 405 972 466 ἐπέπλεον

170 493 282 572 πάσῃσι
304 498 373 574 τῇσι
393 495 483 570 νηυσὶ,
507 494 601 554 ἕνδεκα
621 492 726 571 ἡμέρας
746 493 879 568 παρέντες
898 493 971 568 μετά

170 579 223 656 τήν
235 582 374 658 βασιλέος
390 581 519 650 ἐξέλασιν
537 585 568 640 ἐκ
585 582 705 658 Θέρμης·
725 579 758 640 τό
777 580 807 638 δὲ
827 579 897 656 ἕρμα
914 587 971 656 σφι

171 668 359 749 κατηγήσατο,
371 668 416 729 ε’όν
427 673 456 729 ἐν
465 667 542 747 πόρῳ
555 667 690 745 μάλιστα,
703 666 833 744 Πάμμων
845 666 970 744 Σκύριος·

171 756 331 834 πανημερόν
345 757 374 816 δέ
391 756 532 819 πλούοντες
548 759 574 815 οἶ
594 756 740 833 βάρβαροι
757 753 902 824 ἐξανύουσι
920 759 971 830 τῆς

171 845 340 924 Μαγνησίης
352 843 443 922 χώρης
457 844 503 902 ἐπὶ
519 843 646 919 Σηπιάδα
664 869 695 902 τε
712 842 757 901 καὶ
774 841 825 902 τόν
841 841 970 922 αἰγιαλόν

171 930 220 992 τόν
228 931 333 1008 μεταξύ
342 932 525 1006 Κασθαναίης
534 955 566 990 τε
573 929 674 992 πόλιος
684 928 764 989 ἐόντα
774 928 820 986 καὶ
829 928 971 1004 Σητιάδης
984 975 990 979 -
1000 971 1026 982 -
1106 932 1107 936 ’

173 1017 268 1094 οἶκτής.
294 1021 338 1098 ,sJ
930 1013 1026 1118 [ff]

125 1107 182 1166 184
211 1107 306 1186 Μέχρι
332 1106 383 1183 μέν
409 1130 457 1165 νυν
480 1102 580 1165 τούτου
602 1106 653 1162 τοῦ
678 1102 770 1182 χοίρου
795 1102 841 1160 καὶ
864 1109 970 1180 Θερμο-

171 1195 288 1264 πυλέων,
303 1192 412 1272 άπαθής
429 1217 460 1252 τε
476 1194 567 1251 κακῶν
582 1189 617 1266 ἧν
630 1189 646 1250 ό
660 1187 788 1266 στρατός,
802 1190 848 1248 καὶ
861 1191 971 1266 πλῆθος

170 1281 206 1356 ἦν
224 1286 374 1357 τηνικαῦτα
393 1281 440 1350 ἐτι,
456 1278 491 1342 ὦς
511 1277 564 1360 ἐγω
584 1275 824 1354 συμβαλλόμενος
843 1276 969 1353 εύρίσκω,

170 1367 267 1428 τόσον·
287 1373 341 1429 τῶν
359 1370 411 1445 μέν
429 1372 459 1426 ἐκ
477 1369 532 1426 τῶν
547 1370 614 1426 νεῶν
627 1368 682 1424 τῶν
695 1369 725 1424 ἐκ
737 1368 787 1441 τῆς
800 1362 899 1440 Ἀσίης
912 1370 969 1425 ἐου·

172 1456 244 1515 σέων
265 1455 334 1515 ἑπτά
354 1455 400 1514 καὶ
420 1454 581 1530 διηκοσιέων
601 1453 647 1511 καὶ
663 1453 783 1531 χιλιέων,
797 1451 846 1512 τόν
859 1455 911 1529 μὲν
923 1452 970 1530 α’ρ-
990 1463 1122 1548 ffl

170 1547 253 1621 χαῖον
274 1541 397 1602 ἐκάστων
417 1545 471 1601 τῶν
493 1537 591 1601 ἐθνέων
611 1539 692 1599 ἐόντα
713 1538 813 1615 ὅμιλον
833 1540 970 1616 τέσσερας
989 1566 1112 1632 majano

172 1629 219 1690 καὶ
233 1630 322 1689 ε’ίκοσι
337 1627 478 1706 μυριάδας,
492 1628 538 1686 καὶ
553 1627 631 1704 πρὸς,
645 1627 760 1705 χιλιάδα
772 1652 803 1687 τε
817 1627 863 1685 καὶ
875 1653 970 1704 τετρα-

172 1718 292 1787 κοσίους,
306 1716 342 1781 οἷς
359 1715 412 1777 άνοὶ
427 1716 584 1791 διηκοσίους
602 1713 702 1792 ἄνδρας
716 1715 926 1795 λογιζομένοισι
942 1721 971 1776 ἐν

172 1803 276 1884 ἑκάστη
296 1805 350 1882 νηί·
372 1802 541 1881 ἐπεβάτευον
561 1803 591 1862 δὲ
612 1803 658 1861 ἐπὶ
680 1802 797 1862 τουτέων
816 1805 872 1862 τῶν
894 1807 969 1872 νεοῖν,

171 1893 255 1973 χωρὶς
272 1892 396 1954 ἑκάστων
412 1896 467 1953 τῶν
485 1891 645 1974 ἐπιχωρίων,
665 1890 820 1965 ἐπιβατέων
838 1891 971 1966 Περσέων

171 2007 203 2042 τε
223 1982 269 2041 καὶ
289 1980 394 2058 Μήδων
414 1980 460 2039 καὶ
478 1979 588 2043 Σακέων
604 1976 753 2055 τριήκοντα
765 1975 869 2053 ἄνδρες·
891 1974 971 2040 οὗτος

170 2068 260 2133 ἄλλος
280 2068 379 2147 ὅμιλος
398 2068 504 2149 γίνεται
525 2065 685 2146 τρισμύριοι
707 2064 753 2122 καὶ
776 2064 969 2142 ἑξακισχίλιοι,

171 2157 217 2215 καὶ
239 2156 317 2234 πρός,
336 2154 477 2232 διηκόσιοί
493 2178 524 2214 τε
546 2154 593 2212 καὶ
613 2153 688 2212 δέκα·
710 2151 866 2229 προσθήσω
887 2150 910 2210 δ’
932 2152 971 2211 ἐτι

170 2243 258 2322 τούτῳ
276 2244 321 2302 καὶ
340 2247 379 2321 τῷ
395 2241 520 2320 προτέρω
537 2239 645 2319 ἀριθμῷ
664 2238 729 2303 τούς
750 2244 780 2298 ἐκ
801 2242 856 2298 τῶν
873 2264 971 2316 πεντη-

172 2331 313 2406 κοντέρων,
327 2328 456 2404 ποιήσας,
471 2326 487 2388 ὅ
499 2353 527 2388 τι
540 2328 628 2388 πλέον
640 2326 675 2403 ἦν
687 2325 790 2386 αύτέων
802 2324 822 2403 ἢ
836 2326 970 2404 ἔλασσον,

173 2415 215 2476 ἄν’
231 2415 388 2497 α’γδιύκοντα
408 2414 507 2493 ἄνδρας
528 2417 634 2474 ἐνεῖναι·
656 2414 813 2493 συνελέχθη
834 2413 971 2474 δὲταῦτα

170 2502 206 2564 τά
227 2506 321 2572 πλοῖα,
344 2502 379 2566 οἷς
402 2503 448 2562 καὶ
469 2501 605 2580 πρότερόν
622 2527 672 2578 μοι
693 2502 792 2578 εἰρέθη,
814 2502 970 2580 τρισχίλια·

170 2589 224 2667 ήδη
243 2589 279 2650 ὧν
297 2588 392 2667 ἄνδρες
411 2588 445 2650 ἂν
464 2589 517 2649 εἶεν
535 2594 563 2649 ἐν
577 2588 688 2650 αύτοῖσι
701 2589 833 2666 τέσσερες
842 2588 972 2666 μυριάδες

172 2678 218 2738 καὶ
231 2679 327 2738 εἴκοσι
360 2680 443 2738 τοῦτο
456 2677 508 2754 μέν
521 2701 569 2737 νυν
580 2676 613 2736 τό
628 2681 657 2736 ἐκ
670 2680 721 2752 τῆς
732 2675 832 2752 Ἀσίης
845 2675 972 2736 ναυτικόν
980 2695 1122 2778 μιν-ομ,

171 2764 214 2842 ἦν,
223 2765 339 2842 σύμπαν
349 2764 395 2826 ἐδν
404 2763 574 2840 πεντήκοντα
584 2763 713 2842 μυριάδες
722 2764 768 2822 καὶ
777 2763 838 2840 μία,
848 2762 972 2843 χιλιάδες
998 2794 1055 2860 5¹7
1069 2780 1117 2844 610

171 2878 202 2912 τε
223 2854 315 2913 ἔπεισι
336 2852 382 2911 ἐπὶ
397 2851 516 2930 ταύτησι
534 2849 612 2920 ἑπτά,
631 2852 678 2910 καὶ
698 2852 777 2929 πρός,
797 2850 973 2926 ἐκατοντάδες
1049 2831 1059 2862 ³

173 2940 210 3010 ἐξ,
224 2940 270 2999 καὶ
283 2938 373 3003 δεκάς.
407 2942 457 3000 τοῦ
467 2938 497 2998 δέ
509 2938 602 3008 πεζοῦ·
608 2938 803 3016 ἐβδομήκοντα
816 2939 862 2998 καὶ
876 2937 997 3022 ἐκατδνν,
1002 2953 1070 3026 μσς,

171 3029 301 3105 μυριάδες
322 3029 455 3109 ἐγίνοντο·
488 3029 544 3086 τῶν
565 3026 595 3085 δέ
616 3027 719 3087 ἱππέων
741 3026 813 3087 όκτο)
833 3025 971 3104 μυριάδες·
998 3029 1071 3127 ἐν,
1123 3063 1128 3120 γ

171 3115 329 3193 προσθήσω
347 3115 370 3176 δ’
384 3117 424 3176 ἐτι
439 3112 564 3174 τούτοισι
581 3113 631 3176 τάς
649 3114 792 3190 καμήλους
808 3112 874 3175 τούς
892 3111 973 3170 ἐλαύ-

173 3225 270 3267 νοντας
278 3202 437 3283 Ἀραβίους,
446 3200 492 3262 καὶ
500 3200 566 3265 τούς
573 3200 610 3262 τοὶ
617 3199 728 3280 ἅρματα
735 3201 854 3277 Λίβυας,
863 3198 1006 3281 Mo&
1019 3208 1124 3327 3²⁰³?

970 3291 1060 3369 ²2³²ss
1091 3283 1119 3324 lo
