2204 3430
150 113 260 178 11-15]
453 114 656 188 fflP‘I'IXOPH.
935 115 950 160 5

149 193 245 270 χῖονος
256 189 307 251 τόν
321 192 407 252 ἵππον
420 194 466 253 καὶ
480 193 647 272 στρέφουσα
660 192 709 253 τόν
718 191 863 270 ἄτρακτον.
893 197 950 251 Θυ-
961 194 998 250 13

150 278 245 354 μιίζων
254 279 284 338 δέ
296 278 313 339 ό
326 283 444 357 Δαρεῖος
456 280 533 341 τότε
543 280 647 357 ἤκουσε
658 286 688 341 ἐκ
701 284 756 342 τῶν
767 279 951 340 κατασκόπων

152 368 198 425 καὶ
211 367 246 426 τοὶ
259 367 342 430 αὐτός
356 368 422 446 ὥρα,
436 369 514 451 ἄγειν
524 369 610 445 αύτην
622 371 730 429 ἐκέλευε
741 373 828 448 ἑωυτῷ
838 373 866 432 ἐς
876 368 950 446 ὄψιν·

152 454 187 518 ὥς
203 455 233 514 δέ
248 455 330 534 ἄχθη,
349 461 482 534 παρῆσαν
502 458 547 516 καὶ
564 461 591 517 οἱ
611 456 746 534 α’δελφεοὶ
765 456 851 533 αὐτῆς
869 455 901 516 ού
915 483 950 536 κῃ

150 543 249 620 πρόσω
268 545 390 620 σκοπιὴν
405 546 514 625 ἔχοντες
528 545 643 606 ταύταν·
665 546 841 624 εἴροντέωντος
856 545 885 604 δέ
900 548 951 605 τοῦ

152 633 271 708 Δαρείου
295 631 425 708 ὁποδαπὴ
447 635 505 710 εἴης
542 635 653 710 ἔφασαν
674 637 700 693 οἶ
723 634 862 710 νεηνίσκοι
881 633 950 692 εἴναι

152 720 271 784 Παίονες
284 721 330 780 καὶ
344 723 449 798 ἐκείνην
462 723 530 782 εἶναι
541 723 637 799 σφέων
648 721 797 798 ἀδελφεήν·
812 720 827 780 ό
841 720 863 779 δ’
875 720 951 798 α’μεί-

151 810 229 882 βετο,
244 809 315 871 τίνες
329 809 358 868 δέ
371 813 398 868 οἱ
411 810 532 874 Παίονες
541 809 688 887 α”νθριοποῖ
699 814 762 880 εἶσι,
777 809 823 868 καὶ
837 813 886 868 κοῦ
899 813 951 890 γῆς

151 897 301 972 οἰκημένοι,
316 897 361 954 καὶ
374 898 405 957 τί
416 901 500 957 κεῖνοι
519 898 661 960 ἐθέλοντες
675 899 783 957 ἔλθοιεν
797 902 824 960 ἐς
838 896 950 973 Σόρδιςς

152 986 178 1042 οἱ
199 983 275 1042 δέ
250 1009 277 1043 οι
297 984 427 1060 ἔφραζον,
449 984 485 1047 (ύς
505 985 612 1044 ἔλθοιεν
632 987 684 1062 μὲν
705 985 796 1062 ἐκείνῳ
817 983 953 1047 δώσοντες

151 1072 244 1146 σφέας
264 1070 421 1142 αὐτούς*
395 1098 437 1147 ειη
458 1073 487 1130 δὲ
507 1071 526 1147 ἡ
548 1073 669 1148 Παιονίη
689 1073 735 1131 ἐπὶ
755 1075 793 1150 τῷ
813 1071 951 1148 Στρυμόνι

151 1184 268 1238 ποταμιρ
255 1160 490 1236 πεπολισμένη·
512 1158 572 1219 όδέ
587 1159 720 1236 Στρυμόν
739 1157 771 1220 ού
790 1157 888 1235 πρόσω
901 1163 951 1218 τοῦ

150 1245 377 1322 Ἑλλησπόντου·
403 1247 501 1324 εἴησαν
521 1247 551 1306 δὲ
571 1251 697 1324 Τευκρῶν
719 1251 774 1308 τῶν
797 1251 827 1305 ἐκ
852 1247 952 1322 Τροίης

151 1333 272 1394 ιῖποικοι·
292 1338 318 1394 οἱ
333 1338 386 1412 μέν
400 1335 433 1411 8η
447 1334 517 1395 αύτιῖ
531 1335 636 1395 ἕκαστα
651 1336 757 1417 ἔλεγον·
778 1333 794 1394 ό
807 1334 837 1393 δὲ
851 1333 948 1411 εἴριύτα

152 1426 176 1480 εἴ
195 1424 239 1481 καὶ
258 1428 349 1483 πᾶσαι
366 1425 464 1500 εἴησαν
482 1423 580 1485 αύτόθι
599 1427 628 1483 αἱ
646 1428 772 1505 γυναῖκες
786 1422 856 1484 οὕτω
869 1423 948 1504 ἐργό-

150 1511 233 1581 τιδες;
256 1515 283 1572 οἱ
297 1513 326 1571 δὲ
340 1513 385 1571 καὶ
398 1517 481 1572 τοῦτο
494 1515 605 1588 ἔφασαν
623 1513 771 1590 προθύμως
785 1511 855 1572 οὕτω
868 1513 950 1590 ἐχειν·

151 1597 236 1657 αὐτοῦ
249 1601 304 1681 γὰρ
318 1595 355 1660 ὧν
366 1601 465 1661 τούτου
480 1602 569 1660 εἵνεκα
582 1603 628 1660 καὶ
642 1603 771 1661 ἐποιέετο.

190 1685 328 1748 Ἐνθαῦτα
347 1693 465 1766 Δαρεῖος
481 1689 584 1770 γράφει
600 1689 753 1771 γράμματα
766 1687 837 1765 πρός
855 1686 950 1768 Μεγό-
961 1690 998 1746 14

150 1775 249 1850 βαζον,
263 1775 312 1836 τόν
330 1777 409 1836 ἔλιπε
422 1781 500 1856 ἐν’τῇ
516 1778 623 1856 Θρηίκῃ
640 1775 809 1858 στρατηγόν,
824 1775 951 1835 ἐντελλό·

149 1887 233 1938 μενος
259 1864 449 1940 ἐξαναστῆσαι
476 1864 507 1933 ἐξ
531 1863 621 1940 ἠθέων
647 1865 779 1937 Παίονας,
809 1864 855 1921 καὶ
886 1862 950 1938 παρ’

151 1950 251 2011 ἑαυτον
264 1950 380 2061 ἀγαγεῖν
391 1951 436 2009 καὶ
451 1949 551 2014 αὐτούς
565 1951 655 2009 καὶ’
623 1977 707 2010 τεκνα
718 1976 750 2010 τε
764 1951 810 2008 καὶ
819 1953 952 2028 γυναῖκας

150 2037 249 2097 αὐτῶν.
291 2037 390 2097 αύτίκα
408 2038 464 2097 δέ
456 2037 554 2101 ιππεύς
572 2039 631 2098 ἐθεε
645 2039 737 2115 φέρων
749 2036 801 2112 τὴν
818 2035 952 2116 ἀγγελίην

150 2127 198 2184 ἐπὶ
213 2125 263 2185 τόν
281 2125 506 2200 Ἑλλήσποντον·
528 2127 688 2202 περαιωθεὶς
702 2125 732 2184 δέ
745 2125 816 2184 διδοῖ
831 2123 863 2184 τό
882 2125 951 2201 βιβ-

144 2215 214 2274 λίον
231 2217 271 2292 τῷ
288 2213 460 2294 Μεγαβάζῳ·
485 2213 545 2274 όδέ
564 2213 768 2290 ἐπιλεξάμενος,
786 2213 832 2272 καὶ
852 2212 952 2289 λαβαῖν

149 2301 289 2382 ἡγεμόνας
318 2307 348 2361 ἐκ
377 2306 428 2377 τῆς
455 2302 584 2379 Θρηίκης,
614 2300 796 2380 ἐστρατεύετο
823 2302 869 2360 ἐπὶ
899 2301 950 2377 τήν

150 2391 296 2467 Παιονίην.
338 2390 498 2467 Ποθόμενοι
526 2391 556 2450 δέ
582 2393 609 2450 οἱ
637 2391 757 2461 Παίονες
785 2388 850 2453 τούς
877 2391 998 2466 Πέρ-15

150 2503 204 2542 σας
227 2479 273 2538 ἐπὶ
294 2479 387 2555 σῶς
408 2480 485 2560 ἴέναι,
510 2478 674 2542 όλισθέντες
697 2476 951 2554 ἐξεστρατεύσαντο

149 2565 220 2642 πρός
240 2566 399 2643 θαλάσσης·
422 2566 563 2630 δοκέοντες
580 2564 667 2644 ταύτῃ
686 2565 875 2644 ἐπιχειρήσειν
887 2564 956 2627 τούς,

150 2654 266 2730 Πέρσας
289 2653 497 2731 ἐμβάλλοντας.
539 2657 566 2713 οἴ
591 2656 643 2730 μέν
670 2653 704 2729 δή
731 2653 851 2716 Παίονες
876 2652 952 2730 ἦσαν

106 2766 109 2772 ’
150 2743 256 2818 ἑτοῖμοι
269 2742 319 2802 τόν
332 2741 508 2822 Μεγαβάζου
522 2741 644 2818 στρατόν
663 2741 776 2801 ἐπιόντα
790 2740 903 2817 ἐρίκειν·
923 2742 950 2798 οἱ

149 2827 179 2886 δὲ
198 2831 310 2904 Πέρσαι
328 2828 482 2905 πυθόμενοι
498 2829 671 2888 συναλίσθαι
688 2827 755 2890 τούς
768 2829 892 2889 Παίονας
906 2827 952 2884 καὶ

147 2915 201 2991 τὴν
218 2941 290 2992 προς
309 2915 459 2990 θαλάσσης
473 2915 603 2992 ἐσβολην
617 2913 828 2991 φυλάσσοντας,
844 2915 952 2989 ἔχοντες

149 3001 296 3083 ἡγεμόνας,
310 3027 363 3078 την
373 3027 428 3061 ανω
441 3003 507 3062 ὁδον
519 3000 682 3080 τρόπονται·
699 2999 833 3060 λαθόντες
846 2999 876 3054 δὲ
888 3019 953 3054 τους

150 3092 309 3154 Παίονας’
297 3089 469 3150 εσπίπτουσι
489 3095 517 3153 ἐς
536 3117 586 3152 τας
606 3088 709 3148 πόλιας
729 3085 826 3150 αὐτῶν,
852 3079 953 3137 ἔθυσας

149 3177 278 3256 ἀνδρῶν’
266 3201 393 3255 ερημους·
387 3175 451 3236 ·οἴα
460 3177 491 3236 δέ
501 3181 610 3254 κεινῇσι
621 3171 808 3234 ἐπιπεσόντες,
821 3162 953 3221 εὐπετέως

111 3289 114 3296 ’
150 3267 299 3346 κατέσχον.
342 3290 369 3324 οι
360 3263 413 3322 ’δέ
427 3261 581 3326 Παίονες
560 3287 596 3324 ως
609 3257 771 3320 ἐπύθοντο’
759 3271 892 3324 εχομενας
904 3269 937 3302 τα
