2294 3430
158 101 206 152 ιιι
463 89 644 144 Ἧνοιοπου
872 77 952 140 [vn.

203 179 288 238 μοῦνον
297 176 432 237 ἀπόρθητον
443 176 556 233 τελέθειν,
568 173 598 220 τό
608 171 638 218 σὲ
647 167 720 216 τέκνα
731 182 746 211 τ
748 163 853 222 ό’νήσει.
923 186 986 255 Q&

204 251 265 308 μηδὲ
276 250 334 308 σύγ
335 248 485 304 ’όπποσύνην
495 263 523 291 τε
533 246 611 310 μένειν
622 241 662 288 καὶ
673 239 744 296 πεζὸν
755 237 823 283 όόντα
915 253 958 298 Q

205 321 297 367 πολλόν
308 319 350 366 33²
358 314 678 378 ήπεὶρονστρατὸνήσυχος,
689 308 766 356 ἀλλΗ
756 307 890 378 υποχο-νρεῖν
920 299 958 360 Ν

205 393 280 439 νῶτον
290 390 445 449 ἐπιστρέψας
464 390 501 435 ἔτι
508 405 546 434 τοι
557 387 614 434 κοτὲ
623 384 716 433 κάντίος
727 381 797 438 ἔσσῃ.

206 461 226 508 ιά
237 461 289 519 θεόη
299 461 417 518 Σαλαμὶς,
431 460 529 507 ἀπολεῖς
540 460 566 506 όὲ
577 458 608 506 σθ
618 457 691 504 τέκνα
701 451 827 514 γυναικῶν,

205 531 224 591 ἤ
233 549 280 580 που
290 532 443 590 σκιδναμένης
453 529 625 591 Δημήτερος,
612 546 628 586 η
639 527 769 583 συνιούσης.

112 637 170 698 142
178 636 272 697 'I'avr3
285 635 371 713 σφι’
352 634 492 713 ηπιιύτερα
504 632 559 742 γὰρ
576 635 632 693 τῶν
643 629 784 708 προτέρων
801 625 848 684 καὶ
860 622 897 700 ἦν
910 621 958 680 καὶ

159 723 298 785 έδόκεε’
271 750 348 798 ειναι,
366 720 597 804 συγγραψάμενοι
614 716 873 778 ἅπαλλιίσσοντο’
860 738 888 774 ες
907 709 959 771 πῶς

158 811 332 888 Ἀθήνας’
310 839 346 875 ως
365 811 396 871 δὲ
415 807 626 870 ἀπελθόντες
600 833 627 865 οι
643 802 795 880 θεοπρόποι
813 798 959 909 ἀπήγγελ-

158 902 238 958 λον’
225 925 252 961 ες
263 898 312 960 τόν
325 900 421 976 δῆμον,
433 901 542 1007 γνῶμαι
554 920 600 954 και
589 893 700 952 ἄλλαι
711 888 847 948 πολλαὶ’
833 889 960 968 εγίνοντο

156 986 353 1078 διζημένων
319 1013 353 1048 το
365 985 507 1062 μανι-ήῖον,
518 1009 564 1042 και
553 981 633 1040 αἵδε
642 1001 840 1052 συνεστηκυιαι
853 973 960 1051 μα’λισ-

159 1099 205 1134 τα·
217 1078 273 1134 τῶν
284 1075 483 1152 πρεσβυτερων
492 1073 589 1151 ἔλεγον
598 1067 777 1146 μετεξέτεροι,
788 1063 893 1122 δοκεειν
902 1069 960 1138 σφι

153 1153 209 1247 ,ἶπον
222 1162 335 1223 θεῶν
299 1189 352 1238 την
368 1159 522 1238 ἀκρόπολιν
539 1161 645 1236 χρῆσαι
662 1149 890 1230 περιέσεσθαι·
870 1149 960 1230 ηγᾶρ

155 1248 313 1326 ἀἰιρόπολις
327 1276 360 1310 το
351 1247 466 1308 πάλαι
481 1249 536 1306 τῶν
548 1242 711 1318 'Aevvam‘
697 1264 774 1316 ρηχιρ
759 1237 960 1347 ἐπέφρακτο·

161 1339 189 1396 οἶ
200 1339 252 1413 μὲν
265 1337 299 1413 δή
313 1336 383 1397 κατὰ
394 1335 444 1395 τόν
456 1330 589 1441 φραγμόν
603 1325 817 1440 συνεβάλλοντο
828 1329 913 1384 τοῦτο
925 1323 960 1383 τὰ

164 1424 277 1494 ξύλινον
293 1429 386 1502 τεῖχος
406 1421 484 1481 εἶναι·
507 1445 535 1478 οι
525 1417 578 1476 ’δ’
598 1443 633 1476 ου
618 1413 796 1496 ’ἔλεγον
761 1439 812 1476 τας
826 1413 890 1475 νέας
907 1437 960 1489 ση-

161 1510 269 1586 μαίνειν
280 1508 331 1570 τῶν
348 1507 420 1577 θεὸν,
434 1507 480 1566 καὶ
491 1504 594 1567 ταύτας
605 1501 813 1580 παραρτέεσθαι
831 1501 962 1562 ἐκέλευον

162 1621 198 1656 τα
188 1595 327 1654 ἄλλο’
310 1597 437 1658 απέντας.
476 1617 544 1654 τους
561 1589 599 1650 ῶν
618 1588 707 1665 δή
672 1615 723 1650 τας
742 1587 805 1649 νέας
825 1587 962 1667 λέγοντας

162 1681 232 1741 εἶναι
244 1709 278 1742 το
269 1682 459 1752 ξύλινον
415 1704 507 1759 τειχος
519 1679 649 1754 ἔσφαλλε
661 1701 697 1735 τα
687 1673 758 1734 δύο
767 1699 804 1734 τα
793 1672 963 1734 τελευταῖα

162 1769 283 1844 ῥηθέντα
295 1768 350 1830 ὖπῶ
363 1772 413 1844 τῆς
425 1767 543 1842 Πυθίης·

211 1889 232 1937 ιό
241 1891 295 1950 θεύη
305 1891 422 1950 Σαλαμὶς,
436 1889 534 1938 ἀπολεῖς
542 1889 568 1936 δέ
579 1886 610 1935 σὺ
619 1883 827 1944 τέκναγυναιιειθν,

211 1961 229 2021 ή
238 1979 286 2012 που
295 1963 449 2022 σκιδναμένης
460 1961 597 2022 Δημήτερος
608 1957 624 2016 ἢ
635 1957 765 2014 συνιούσης.

162 2065 233 2127 κοτά
257 2074 347 2130 ταῦτα
372 2068 409 2130 τῶ
433 2069 501 2127 ἔπεα
529 2064 694 2143 συνεχέοντο
720 2063 749 2119 αἱ
774 2065 883 2141 γνῶμαι
908 2065 964 2121 τῶν

163 2155 295 2228 φαμένων
315 2155 366 2219 335
385 2156 447 2218 νέας
466 2153 499 2215 ηδ
520 2151 631 2223 ξύλινον
647 2152 740 2228 τεῖχος
758 2147 837 2207 εἴναι·
863 2150 890 2206 οἶ
907 2149 964 2228 γὰρ

161 2241 363 2321 χρησμολόγοι
378 2242 465 2320 ταύτῃ
482 2243 570 2301 ταῦτα
587 2236 757 2313 ἐλάμβανον,
772 2235 807 2298 ὦς
819 2233 896 2310 ἀμφὶ
910 2236 964 2299 Σα-

161 2325 270 2396 λαμῖνα
283 2326 326 2385 δεῖ
338 2329 430 2403 σφέας
443 2327 609 2401 ἑσσωθῆναι,
622 2323 778 2400 ναυμαχίην
787 2347 965 2398 παρασκευα·

116 2407 173 2465 143
182 2411 333 2483 σομένους.
358 2413 420 2474 Ἢν
433 2413 462 2472 δὲ
477 2417 532 2472 τῶν
547 2437 590 2474 335
600 2410 755 2484 Ἀθηναίων
768 2408 838 2520 ἆηήρ
852 2413 879 2471 35
891 2408 964 2484 πρῶ-

160 2516 226 2554 τους
253 2499 356 2557 νεωστὶ
382 2498 495 2577 παριῶν,
522 2502 561 2577 τῷ
587 2495 692 2572 ούνομα
714 2498 766 2572 μὲν
790 2497 837 2605 ἔην
860 2501 966 2571 Θεμισ-

155 2579 288 2657 τοκλέης,
309 2587 377 2646 παῖς
397 2585 427 2643 δὲ
450 2557 592 2647 Νεοκλέος
604 2583 755 2660 Ιἐκαλέετο·
783 2581 864 2645 οὗτος
892 2580 966 2663 ῶνήρ

162 2687 214 2720 ουκ
235 2665 293 2741 ἔφη
313 2673 371 2729 πᾶν
391 2671 479 2748 ὀρθῶς
498 2695 562 2733 τους
587 2669 805 2750 χρησμολόγους
831 2671 966 2748 συμβάλ-

160 2749 275 2822 λεοθαι,
288 2754 381 2835 λέγων
393 2757 533 2818 τοιάδε·
510 2783 534 2817 ει
543 2761 570 2820 35
581 2755 745 2831 Ἃθηναίους
758 2755 863 2836 εἴχετο
855 2757 968 2822 πάθος

154 2827 308 2932 ῐείρημένον
330 2842 437 2916 ἐόντως,
460 2871 509 2904 ουκ
531 2842 565 2904 ἀν
589 2867 658 2902 ουτω
679 2868 728 2918 μιν
752 2843 898 2904 δοκέειν’
879 2847 969 2955 ηπέως

154 2893 333 3030 χρησθῆναι,
347 2928 476 2990 dmi&
440 2958 461 2990 ιο
478 2957 500 2990 ε·
518 2958 539 2990 ω
523 2929 672 3008 ’σχετλίη
682 2929 860 3005 Σαλαμίςμ
842 2932 904 2991 αντὶ
917 2938 969 2992 τοῦ

162 3032 184 3066 ιο
168 3005 257 3086 ’θείη
272 3015 458 3093 23A3333sff'
433 3043 508 3095 ειπερ
521 3043 554 3099 γε
568 3017 726 3092 ἔμελλον“
700 3041 727 3074 οι
741 3017 883 3094 οἰκήτορες
896 3018 970 3095 οἶμφ

156 3069 234 3182 αὖτῇ
253 3103 445 3180 τελευπήσειν·
466 3105 542 3164 σ’λλα
560 3103 615 3184 γὰρ
634 3106 661 3164 35
677 3127 742 3166 τους
759 3105 970 3180 πολεμίους
931 3131 971 3210 πιρ

158 3165 217 3238 θεῶ
237 3188 423 3264 εἰρῆσθαι
390 3217 424 3254 το
444 3191 622 3277 χρηστήριον,
640 3189 876 3267 συλλαμβάνοντι
896 3216 970 3250 κατα
