2294 3430
170 95 312 159 ιιι-437]
514 95 627 144 nmo.
924 100 970 148 115

170 172 202 230 οὐ
222 177 327 250 Τιμοῦν
346 173 415 234 εἶναι
434 172 487 249 τήν
505 176 595 247 αἰτίην
613 176 726 246 τούτων,
744 174 822 236 σ’λλά
840 176 897 237 δεῖν
916 177 972 257 γάρ

171 259 329 319 Μιλτιάδεα
347 264 480 320 τελευτᾶν
500 261 541 338 μή
563 261 602 334 εὖ,
620 264 745 338 φανῆναί
761 267 788 322 οἱ
805 268 861 323 τῶν
883 269 972 324 κακῶν

171 347 356 428 κατηγεμόνα·
391 349 527 426 Παρίοισι
539 353 591 425 μέν
606 350 639 425 δή
653 353 740 411 ταῦτα
753 349 772 426 ἦ
786 352 879 428 Πυθίη
892 352 970 431 ἐχρη-

171 460 216 494 σε.
256 434 400 511 Ἀθηναῖοι
413 437 442 495 δὲ
456 442 486 495 ἐκ
501 437 599 514 Πάρου
617 438 775 500 Μιλτιάδεα
795 437 950 515 ἀπονοστή-
962 441 1018 498 136

172 549 262 584 σαντα
281 524 367 602 ἔσχον
386 529 415 584 ἐν
433 525 560 602 στόμασι
579 525 653 584 οἵτε
674 524 760 584 ἄλλοι
779 526 824 585 καὶ
844 526 972 603 μάλιστα

171 611 333 674 Ξάνθιππος
348 611 364 670 o‘
376 611 553 689 Ἀρίφρονος·
575 611 605 676 δς
619 613 739 672 θανάτου
752 613 903 695 ῦπαγαγιῦν
916 614 971 675 ῦπὸ

171 697 221 758 τδν
240 698 329 774 δῆμον
343 700 500 758 Μιλτιάδεα
521 699 614 758 ἐδίωκε
629 704 679 776 τῆς
690 699 844 776 Ἀθηναίων
865 700 972 778 άπάτης

173 785 282 846 εἵνεκεν·
304 785 462 861 Μιλτιάδης
483 786 513 846 δέ
535 785 616 850 αῦτδς
636 790 689 863 μὲν
708 787 818 863 παρεῶν
837 787 887 848 οὐκ
905 788 972 848 οἷπε-

158 875 300 954 ,λογέετσ
329 871 364 949 ἦν
389 873 444 954 γάρ
471 872 604 937 ἀδύνατος
631 873 704 933 ὥστε
731 876 893 950 σηπομένου
920 879 970 935 τοῦ

173 963 273 1038 μηροῦ·
293 961 474 1038 προκειμένου
493 961 522 1020 δέ
544 961 628 1021 αὐτοῦ
647 966 676 1020 ἐν
694 962 775 1039 κλίνῃ
796 960 972 1038 ῦπεραπολο·

173 1048 271 1128 γέοντο
292 1051 319 1107 οἱ
342 1049 432 1124 φίλοι,
453 1053 504 1124 τῆς
524 1048 616 1127 μάχης
638 1074 669 1108 τε
692 1051 742 1124 τῆς
766 1053 795 1108 ἐν
818 1050 972 1125 Μαραθῶνι

174 1138 322 1215 γενομένης
344 1135 441 1195 πολλά
466 1137 680 1213 ἐπιμεμνημένοι
707 1135 753 1194 καὶ
778 1135 831 1212 τὴν
857 1135 972 1212 Λήμνου

175 1222 290 1298 αἵρεσιν,
305 1223 340 1287 ὦς
354 1223 424 1283 ἐλιῦν
437 1223 553 1300 Λῆμνόν
566 1250 597 1283 τε
611 1224 656 1282 καὶ
673 1223 823 1302 τισάμενος
838 1223 903 1287 τοῦς
917 1229 972 1282 Πε-

174 1310 301 1390 λασγοῦς
318 1311 458 1388 παρέδωκε
471 1310 656 1387 Ἀθηναίοισι.
697 1312 924 1391 προσγενομένου
943 1311 973 1370 δὲ

174 1401 226 1458 τοῦ
248 1397 337 1476 δήμου
359 1399 431 1478 αὐτῷ
453 1398 523 1458 κατὰ
544 1399 595 1476 τὴν
617 1399 759 1459 ἀπόλυσιν
775 1403 826 1458 τοῦ
844 1398 972 1470 θανάτου,

174 1486 365 1562 ζημιώσαντος
379 1487 408 1546 δέ
421 1487 491 1546 κατοὶ
501 1485 553 1562 τήν
567 1486 674 1563 ἀδικίην
687 1485 859 1562 πεντήκοντα
871 1485 973 1546 ταλάν-

174 1599 259 1644 τοισι,
273 1574 430 1650 Μιλτιάδης
442 1577 494 1651 μὲν
506 1574 577 1651 μετοὶ
590 1579 677 1635 ταῦτα
695 1573 924 1651 σφακελάταντός
942 1599 974 1634 τε

174 1664 225 1717 τοῦ
243 1664 334 1736 μηροῦ
355 1662 401 1720 καὶ
421 1662 559 1724 σαπέντος
571 1665 695 1741 τελευτᾷ,
709 1663 745 1722 τά
758 1663 788 1722 δὲ
801 1661 973 1738 πεντήκοντα

176 1744 300 1804 τάλαντα
321 1748 425 1816 ἐξέτισε
446 1747 462 1808 ὅ
482 1749 547 1811 πάϊς
567 1749 651 1808 αὐτοῦ
672 1751 778 1825 Κίμων.

217 1835 332 1908 Λῆμνον
346 1835 375 1892 δὲ
387 1834 545 1911 Μιλτιάδης
559 1836 574 1895 ὁ
591 1837 718 1912 Κίμωνος
733 1835 784 1894 ὧδε
797 1838 874 1914 ἔσχε·
895 1843 951 1895 Πε-
964 1838 1020 1898 137

177 1920 291 1999 λασγοὶ,
307 1920 367 1978 ἐπεί
382 1946 413 1979 τε
432 1925 461 1978 ἐκ
480 1926 529 1996 τῆς
542 1921 670 1996 Ἀττικῆς
689 1921 744 1981 ῦπδ
761 1920 915 1996 Ἀθηναίων
934 1923 975 1992 ἐξ

178 2006 354 2082 εβλήθησαν,
373 2008 427 2066 εἴτε
448 2006 485 2066 ὧν
505 2007 668 2082 δῆδικαίως
690 2009 743 2067 εἴτε
764 2007 871 2070 ἀδίκως·
891 2013 974 2068 τοῦτο

177 2094 232 2174 γάρ
251 2093 300 2154 οῦκ
317 2095 370 2173 έχω
388 2093 499 2172 φράσαι
518 2093 595 2169 πλὴν
612 2094 648 2153 τά
665 2094 813 2174 λεγόμενα·
835 2093 878 2153 ὅτι
895 2093 975 2153 Ἐκα-

177 2187 254 2245 ταῖος
274 2185 325 2260 μὲν
347 2182 363 2244 ὁ
383 2181 581 2263 Ἡγησάνδρου
603 2183 693 2258 ἔφησε
715 2187 744 2241 ἐν
763 2183 841 2242 τοῖσι
861 2181 976 2263 λόγοισι

177 2271 267 2351 λέγων
280 2271 387 2334 ἀδίκως·
408 2271 470 2330 ἐπεί
480 2296 511 2331 τε
524 2270 579 2351 γοὶρ
595 2270 660 2330 ἰδεῖν
672 2269 736 2333 τοῦς
748 2269 911 2345 Ἀθηναίους
924 2271 976 2346 τήν

176 2358 278 2436 χώρην,
291 2359 343 2435 τήν
355 2365 444 2434 σφισι
457 2358 568 2418 αὐτοῖσι
580 2357 636 2418 ῦπῦ
650 2357 699 2419 τδν
711 2356 859 2436 Ὑμησσῦν
873 2361 975 2419 ἐοῦσαν

178 2445 279 2506 ἔδοσαν
303 2450 415 2522 οἰκῆσαι
435 2447 540 2524 μισθδν
562 2449 613 2506 τοῦ
636 2447 741 2524 τείχεος
763 2449 814 2506 τοῦ
837 2446 901 2522 περὶ
922 2444 976 2522 τήν

177 2531 329 2609 άκράπολίν
351 2560 414 2594 κοτε
436 2535 618 2612 ἐληλαμένου
645 2533 748 2610 ταῦτην
770 2532 805 2597 ὦς
826 2532 891 2592 ἰδεῖν
911 2533 976 2598 τοῦς

177 2620 341 2697 Ἀθηναίους
353 2623 557 2702 ἐξεργασμένην
571 2622 608 2693 εῦ,
622 2622 673 2698 τήν
686 2621 822 2700 πρότερον
839 2619 908 2680 εἶναι
928 2647 975 2679 κα-

178 2707 229 2781 κήν
241 2733 272 2766 τε
285 2708 331 2766 καὶ
343 2713 394 2768 τοῦ
406 2709 523 2784 μηδενὸς
536 2709 624 2785 ἀξίην,
638 2711 741 2785 λαβεῖν
756 2707 863 2784 φθόνον
879 2733 911 2768 τε
929 2709 976 2768 καὶ

179 2793 273 2870 ἵμερον
285 2798 335 2869 τῆς
347 2799 408 2874 γῆς,
422 2796 468 2854 καὶ
481 2795 552 2856 οὕτω
566 2797 720 2866 ἐξελαύνειν
734 2793 833 2856 αὐτοῦς
846 2794 976 2872 οὐδεμίαν

178 2879 271 2955 άλλην
294 2880 440 2956 πρόφασιν
465 2883 687 2960 προϊσχομένους
713 2881 778 2944 τοῦς
802 2879 975 2956 Ἀθηναίους.

179 2966 214 3035 ὥς
237 2967 266 3026 δὲ
287 2965 365 3026 αὐτοὶ
387 2966 531 3043 Ἀθηναῖοι
553 2970 679 3048 λέγουσι,
701 2967 810 3030 δικαίως
833 2967 975 3036 ἐξελάσαι.

179 3052 391 3129 κατοικημένους
410 3054 465 3134 γάρ
485 3055 549 3118 τοῦς
562 3055 733 3136 Πελασγοῦς
749 3053 803 3112 ῦπδ
816 3057 855 3130 τῷ
867 3053 975 3129 Ὺμησ·

179 3146 229 3220 σῷ,
244 3142 367 3208 ἐνθεῦτεν
381 3141 569 3219 ὁρμεωμένους
582 3141 697 3201 ἀδικέειν
709 3140 784 3201 τάδε·
806 3144 908 3215 φοιτᾶν
920 3139 977 3220 γάρ

178 3230 232 3290 αἰεὶ
245 3228 295 3293 τάς
308 3230 448 3305 σφετέρας
468 3229 620 3308 θυγατέρας
632 3253 663 3288 τε
677 3229 723 3288 καὶ
735 3225 799 3290 τοῦς
811 3227 912 3290 παῖδας
932 3227 977 3287 ἐπ’.
