2204 3430
159 129 268 194 ιι-ιι]
462 115 665 178 mmmm.
932 131 980 178 ιο

158 209 248 268 Λαΐου
264 212 403 287 χρησμιῖν
414 206 590 284 Ἠρακληίην
608 205 660 281 τήν
679 212 707 266 έν
723 207 840 287 Σικελίῃ
854 207 962 278 κτίζειν,

160 295 219 372 φάς
233 295 284 372 τήν
297 294 417 374 Ἐρυκος
436 293 532 374 χάρην
547 298 644 354 πᾶσαν
663 294 733 354 εἶναι
744 294 961 372 Ἠρακληῖδέων,

157 382 243 444 αύτοῦ
255 385 411 463 Ἡρακλέος
428 382 614 460 κτησαμένου.
656 381 673 443 ό
692 383 720 442 δὲ
737 381 860 446 οἰκούσας
872 387 960 443 ταῦτα

158 476 186 536 ἐς
209 472 344 549 Δελφούς
365 473 459 552 οἴχετο
485 470 661 550 χρησόμενος
683 474 722 550 τῷ
742 471 911 551 χρηστηρίῳ,
937 475 961 532 εἲ

157 561 242 638 αἱρέει
258 560 299 620 ἐπ’
315 559 350 636 ἢν
367 561 519 620 στέλλεται
534 558 639 638 χύρην;
665 557 683 634 ή
704 559 734 618 δὲ
750 559 845 635 Πυθίη
862 562 889 618 οἶ
904 562 962 639 χρᾷ

158 649 294 725 αἱρήσειν·
316 648 493 726 παραλοβών
511 648 541 707 δὲ
556 647 572 708 ὁ
589 647 711 725 Δωριεῖς
727 647 777 709 τόν
792 647 899 708 στόλον
911 649 960 708 τόν

157 737 203 794 καὶ
227 743 254 801 ἐς
278 736 390 814 Λιβύην
413 735 474 818 ἦγε,
497 736 638 813 ἐκομίζετο
658 735 735 812 παρά
755 734 807 811 τὴν
827 734 959 811 Ἰταλίην.

156 823 213 884 Τόν
226 824 328 902 χρόνον
342 825 371 883 δὲ
384 829 492 898 τοῦτον,
506 824 541 888 ὥς
555 824 674 905 λέγουσι
687 825 852 901 Συβαρῖται,
867 824 1007 899 σφέας44

155 937 188 970 τε
201 911 301 974 αύτούς
321 913 367 971 καὶ
384 916 480 987 Τῆλυν
496 911 546 971 τόν
564 915 669 971 ἑωυτῶν
685 912 812 986 βασιλέα
825 912 871 970 ε’πὶ
885 910 959 988 Κρό-

155 1023 229 1058 τωνα
249 1000 366 1075 μέλλειν
386 997 600 1076 στρατεύεσθαι·
629 997 694 1061 τούς
714 998 743 1056 δὲ
764 997 958 1074 Κροτωνιήτας

156 1087 299 1163 περιδεέας
311 1087 483 1167 γενομένους,
497 1086 628 1162 δεηθῆναι
642 1085 763 1162 Δωριέος
776 1085 864 1161 σφίσι
876 1111 958 1162 τιμω-

155 1177 244 1250 ρῆσαι
262 1175 308 1234 καὶ
325 1178 419 1254 τυχεῖν
438 1173 593 1250 δεήθεντας.
614 1171 860 1250 συστρατεύεσθαί
875 1198 905 1232 τε
924 1173 957 1250 δή

157 1262 202 1320 ε’πῖ
211 1262 337 1340 Σύβαριν
346 1263 455 1340 Δωριέα
466 1263 512 1322 καὶ
522 1265 650 1322 συνελεῖν
659 1261 711 1338 τήν
721 1260 856 1339 Σύβαριν.
870 1265 958 1321 ταῦτα

154 1351 208 1426 μέν
224 1377 272 1411 νυν
288 1353 445 1429 Συβαρῖται
461 1351 579 1432 λέγουσι
594 1354 714 1426 ποιῆσαι
732 1350 841 1428 Δωριέα
860 1376 892 1410 τε
910 1351 957 1410 καὶ

154 1438 218 1502 τούς
229 1439 289 1517 μετ’
302 1439 397 1500 αύτοῦ·
426 1443 618 1516 Κροτωνιῆται
631 1439 661 1498 δὲ
675 1437 772 1500 ούδένα
782 1439 870 1513 σφίσι
881 1439 956 1514 ᾥασὶ

153 1527 244 1597 ξεῖνον
262 1529 532 1606 προσεπιλαβέσθαι
547 1532 598 1588 τοῦ
613 1527 684 1605 πρός
700 1528 861 1605 Συβαρίτας
871 1529 954 1587 πολέ-

154 1641 217 1691 μου,
238 1620 262 1675 εἰ
278 1615 319 1694 μή
337 1617 470 1692 Καλλίην
486 1619 542 1696 τῶν
560 1613 703 1694 Ἰαμιδέων
721 1614 822 1694 μάντιν
840 1614 956 1675 Ἠλεῖον

154 1707 266 1780 μοῦνον,
282 1705 327 1763 καὶ
340 1707 440 1764 τοῦτον
455 1702 550 1784 τρόπῳ
565 1703 671 1782 τοιῷδε·
690 1703 768 1786 παρὰΙ
782 1703 891 1778 Τήλυος
904 1706 955 1762 τοῦ

155 1791 333 1870 Συβαριτέων
357 1793 492 1871 τυράννου
518 1789 678 1868 άποδράντα
702 1791 854 1852 ἀπικέσθαι
879 1791 956 1868 παραὶ

154 1881 254 1955 σφέας,
283 1881 345 1940 ε’πεί
369 1906 400 1940 τε
426 1882 453 1939 οἱ
478 1877 515 1940 τά
540 1877 585 1955 ἱροὶ
609 1876 641 1936 ού
661 1877 820 1956 προεχώρεε
842 1878 955 1956 χρηστά

155 1967 279 2046 θυομένῳ
293 1967 339 2026 ε’πὶ
352 1965 498 2042 Κρότωνα.
539 1968 628 2024 ταῦτα
641 1963 671 2022 δὲ
684 1962 721 2022 ὧν
734 1961 812 2022 οὗτοι
827 1965 954 2043 λέγουσι.

154 2054 303 2130 Μαρτύρια
324 2053 353 2112 δὲ
372 2051 476 2112 τούτων
500 2049 624 2128 ἑκάτεροι
646 2048 858 2110 ἀποδεικνύουσι
879 2050 954 2111 τάδε·
962 2055 1002 2114 45

155 2143 312 2218 Συβαρῖται
329 2143 382 2217 μὲν
393 2139 506 2250 τέμενός
522 2165 554 2200 τε
572 2140 618 2198 καὶ
632 2138 699 2215 νηὸν
717 2137 798 2198 ε’όντα
816 2139 892 2216 παραὶ
905 2139 955 2202 τόν

154 2229 239 2307 ξηρόν
253 2227 432 2306 Κράστιν,
399 2255 449 2289 τον
463 2227 632 2306 ἱδρύσασθαι
643 2225 842 2288 συνελόντα
807 2251 859 2303 την
869 2228 954 2290 πόλιν

153 2316 263 2395 Δωριέα
270 2317 389 2398 λέγουσι
395 2315 554 2395 Ἀθηναίῃ’
541 2315 672 2418 επωνύμῃ
680 2315 821 2394 Κραστίῃ·
832 2319 954 2378 τοῦτοδὲ

152 2396 237 2459 αύτου
224 2397 417 2478 Δωριέος
384 2425 434 2459 τον
448 2397 567 2459 θάνατον
579 2397 731 2474 μαρτύριον
742 2396 880 2506 μέγιστον
892 2425 953 2458 ποι-

153 2491 252 2569 εῦνται,
266 2487 309 2548 ὅτι
322 2486 399 2565 παρά
411 2486 448 2546 τά
460 2485 669 2564 μεμαντευμένα
686 2484 787 2544 ποιέων
804 2485 950 2564 διεφθάρη·

152 2579 176 2634 εἰ
197 2574 253 2657 γάρ
273 2575 306 2652 δή
327 2575 368 2653 μή
389 2574 550 2652 παρέπρηξε
571 2573 658 2652 μηδὲν
681 2571 724 2633 ἔπ’
747 2570 768 2652 ᾧ
791 2573 821 2632 δε
844 2574 952 2651 ἐστάλη

151 2665 250 2734 ε’ποίεε,
265 2663 323 2723 εἷλε
341 2661 376 2724 ἂν
392 2662 446 2740 τήν
459 2662 604 2741 Ἐρυκίνην
623 2661 718 2742 χώρην
738 2687 785 2720 και
774 2660 875 2722 ἑλόν
889 2687 952 2721 κατ-

152 2750 229 2829 έσχε,
244 2750 300 2810 οὐδ’
315 2748 349 2812 ἂν
362 2750 444 2814 αύτός
457 2777 488 2812 τε
501 2751 547 2810 καὶ
558 2750 577 2826 ἦ
591 2749 709 2828 στρατιή
726 2748 873 2860 διεφθάρη.
889 2753 915 2810 οἱ
928 2749 952 2808 δ’

151 2863 187 2896 αυ
172 2835 391 2914 ’Κροτωνιῆται
403 2838 582 2898 ἀποδεικνῦσι
600 2837 768 2916 Καλλίῃ
735 2863 786 2913 μεν
798 2840 837 2914 τῷ
849 2835 953 2914 Ἠλείῳ

152 2923 306 3038 ε’ξαίρετα’
293 2951 322 2984 εν
334 2929 372 3006 γῇ
385 2952 421 3035 τῃ
406 2925 641 3002 Κρωτωνιήτιδι
656 2923 754 2983 πολλοὶ
768 2895 891 2990 δοθέντα,
906 2895 953 2998 (τύὶ

151 3013 198 3072 καὶ
212 3017 240 3076 ές
254 3014 303 3090 ε’μὲ
316 3013 355 3072 ἔτι
366 3013 494 3118 ε’νέμοντρ
505 3038 531 3071 οι
522 3012 675 3070 Καλλίεω
685 3009 842 3088 άπόγονοι,)
853 3005 955 3078 Δωριέῖ

151 3101 237 3162 δε
192 3127 239 3161 και
248 3103 325 3161 τοῖσι
336 3098 484 3175 Δωριέος’
467 3098 634 3180 απογόνοισι
644 3095 733 3157 οὐδέν·
749 3094 838 3152 καίτοι
852 3092 876 3144 εἰ
888 3111 952 3144 συν-

152 3187 311 3266 επελάβετό
331 3212 365 3298 ηε
387 3189 438 3245 τοῦ
462 3188 649 3263 Συβαριτικοῦ
671 3179 800 3254 πολέμου
824 3169 953 3279 Δωριεύς,

151 3276 292 3354 δοθήναι”
273 3302 307 3337 αν
316 3301 343 3336 οι
334 3272 562 3333 ’πολλαπλάσια
571 3297 589 3346 η
576 3266 724 3340 Καλλίῃ.
747 3283 836 3319 ταυτα
843 3281 895 3331 μεν
904 3279 951 3314 νυν
