2204 3430
133 133 248 198 27-32]
475 131 590 184 ΕΡΔΤΩ,
901 131 933 180 69
987 139 994 162 ’

133 221 238 276 εοΰσαν
258 211 413 290 όμαρτοίδα,
427 211 602 290 φιλοψυχίην
620 208 729 286 τοιήνδε
748 207 811 270 τιναὶ
827 207 933 288 ἀναιρέ-

134 329 204 364 εται·
240 301 276 365 οἷς
305 299 416 381 φεύγων
440 325 471 358 τε
498 296 729 374 κατελαμβάνετο
754 296 809 358 ύπδ
836 295 934 376 α’νδρός

135 392 262 468 Πέρσεω,
285 390 340 448 καὶΙ
359 386 394 450 ὥς
421 385 632 463 καταιρεόμενος
654 384 700 444 ὕπ’
723 385 807 445 αὐτοῦ
833 388 934 462 ἔμελλε

134 476 424 559 συγκεντηθήσεσθαι,
439 473 567 551 Περσίδα
586 476 725 553 γλῶσσαν
744 473 836 550 μετεὶς
852 499 933 534 κατα-

134 565 236 643 μηνύει
249 563 357 633 ἑωυτόν,
373 561 408 626 ιδς
422 563 463 637 εἴη
476 560 608 624 Ἱστιαῖος
621 560 637 622 ό
651 561 805 637 Μιλήσιος.
835 565 871 622 Εἰ
883 562 935 639 μέν
942 565 981 621 30

135 680 184 714 νυν
196 653 233 716 ὦς
246 651 388 732 ἐζωγρήθη
402 649 477 730 όχθη
498 647 635 731 ἀγόμενος
646 648 723 726 παρό
736 649 864 725 βασιλέα
877 655 934 710 Δα-

135 745 219 818 ρεῖον,
233 739 250 800 ό
264 740 294 800 δὲ
308 737 364 799 οὔτ’
378 736 413 798 ἂν
429 739 514 798 ἔπαθε
535 737 621 798 κακόν
641 736 728 808 οὐδὲν,
742 737 846 798 δοκέειν
864 738 935 814 ἐμοὶ,

134 827 228 936 α’πήκέ
243 826 268 888 τ’
281 826 315 888 ἂν
333 826 406 905 αύτῷ
419 825 477 936 τήν
498 829 597 901 αἰτίην·
618 829 666 886 νῦν
682 826 713 886 δέ
727 851 776 901 μιν
796 824 885 886 αύτῶν
904 853 936 886 τε

135 915 239 974 τούτων
262 916 359 984 εἵνεκα,
383 915 430 972 καὶ
452 914 497 974 ἵνα
519 939 559 989 μη
552 911 784 993 διαφυγιδν
750 938 827 974 αυτις
848 915 936 993 μέγας

136 1027 213 1079 παρα
205 1001 355 1112 βασιλέϊ
375 1002 497 1082 γένηται,
515 999 707 1076 Ἀρταφέρνης
726 1024 757 1058 τε
777 1025 793 1058 ο
785 998 935 1076 Σαρδίων

135 1089 261 1202 ὕπαρχος
275 1091 321 1148 καὶ
339 1115 354 1148 ο
347 1088 494 1165 ’λαβιδν
495 1085 672 1168 Αρπαγος,
652 1113 687 1150 ως
705 1085 819 1146 απίκετο
820 1086 934 1194 αγόμε-

136 1202 184 1240 νος
196 1182 223 1239 ἐς
237 1175 392 1254 Σάρδις,
359 1203 392 1238 το
406 1178 458 1253 μὲν
471 1175 556 1236 αὐτοῦ
575 1179 660 1253 σῶμα
678 1173 764 1234 αὐτοῦ
776 1174 863 1252 ταύτῃ
876 1201 935 1235 ανε-

137 1264 313 1373 σταύρωσον,
323 1264 374 1340 τήν
386 1264 415 1324 δὲ
425 1263 552 1339 κεφαλήν
565 1262 779 1343 ταριχεύσαντες
792 1261 936 1338 α’νήνεικαν

136 1378 214 1428 παρα
205 1350 361 1428 βασιλέα
375 1356 522 1429 Δαρεῖον’
510 1378 537 1414 ες
551 1354 658 1461 Σρῦσα.
700 1355 818 1430 Δαρεῖος
836 1351 865 1411 δε
884 1378 935 1412 πυ-

137 1439 253 1518 θόμενος
265 1444 353 1500 ταῦτα
372 1441 418 1500 καὶ
432 1439 664 1517 ἐπαιτιησάμενος
675 1439 740 1504 τούς
751 1445 839 1501 ταῦτα
856 1440 936 1551 ποιή-

136 1553 242 1592 σαντας
265 1528 309 1588 δτι
332 1554 382 1606 μιν
403 1555 435 1587 ου
427 1526 601 1599 ζώοντα’
581 1527 724 1610 ανήγαγον
748 1535 775 1593 ἔς
798 1527 863 1608 ὄψιν
884 1529 936 1605 τήν

137 1619 246 1687 ἑωυτοῦ,
260 1615 312 1692 τήν
325 1616 454 1692 κεφαλήν
466 1615 519 1692 τήν
530 1615 664 1677 Ἱστιαίου
676 1616 834 1680 λούσαντάς
846 1643 878 1678 τε
890 1618 937 1678 καὶ

135 1703 415 1780 ,περιστείλαντας’
387 1730 416 1763 ευ
437 1706 592 1765 ἐνετείλατο
614 1704 745 1784 θόψαι,”
725 1732 760 1769 ως
777 1704 876 1782 ανδρδς
888 1731 936 1781 με·

137 1790 265 1872 γόλως“
252 1795 341 1870 εωυτῷ
360 1817 392 1852 τε
413 1792 460 1851 καὶ
478 1793 612 1872 Πέρσησι
633 1792 788 1874 εὗεργέτεω.
828 1818 865 1852 τα
885 1795 937 1870 μὲν

137 1880 202 1985 περὶ
219 1851 354 1941 Ἱστιαῖόν
374 1879 444 1940 οὕτω
463 1881 539 1959 ἔσχε.

178 1965 213 2027 Ο
235 1968 266 2026 δὲ
289 1967 416 2033 ναυτικός
438 1967 560 2044 στρατός
582 1993 598 2026 ο
590 1965 754 2042 Περσέων
775 1965 981 2042 χειμερίσας31

138 2053 204 2129 περὶ
219 2055 409 2134 Μίλητον,τῷ
430 2055 546 2133 δευτέρη
565 2054 619 2113 ἔτεϊ
638 2051 672 2116 ὥς
693 2050 944 2127 όνέπλωσοαὶρέει

140 2140 272 2204 εὐπετέως
288 2142 338 2206 τὰς
355 2143 459 2219 νήσους
476 2143 526 2206 τός
543 2142 614 2220 πρός
626 2145 662 2219 τῇ
679 2138 786 2219 ήπείρῳ
802 2137 936 2216 κειμένας,

138 2228 211 2289 Χίον
224 2231 270 2290 καὶ
282 2232 400 2308 Λέσβον
414 2232 460 2290 καὶ
472 2231 597 2291 Τένεδον.
639 2229 708 2292 ὅκως
722 2229 751 2288 δὲ
764 2228 854 2305 λάβοι
872 2227 936 2288 τινό

137 2321 194 2377 τῶν
206 2318 306 2394 νήσων,
322 2318 356 2382 ὥς
371 2318 490 2394 ἑκάστην
507 2319 644 2396 αἱρέοντες
664 2320 691 2378 οἶ
705 2317 852 2396 βάρβαροι
872 2321 937 2378 ε’σα-

138 2404 255 2485 γήνευον
264 2407 329 2469 τοδς
342 2405 513 2484 ἀνθρώπους.
538 2405 740 2486 (σαγηνεύουσι
753 2405 784 2464 δὲ
795 2405 875 2465 τόνδε
887 2404 938 2466 τόν

138 2492 252 2570 τρόπον·
273 2492 344 2571 ἀνήρ
367 2493 466 2570 ἀνδρός
487 2492 629 2572 ἑψόμενος
648 2498 698 2569 τῆς
719 2493 819 2572 χειρός,
838 2497 868 2552 ἐκ
890 2493 937 2552 θα-

138 2579 252 2657 λάσσης
273 2585 324 2657 τῆς
344 2581 464 2659 βορηίης
485 2581 531 2641 ε’τὶ
551 2581 604 2657 τήν
622 2582 716 2658 νοτίην
736 2580 872 2656 διήκουσι,
891 2582 937 2641 καὶ

139 2668 234 2728 ἔπειτα
246 2669 292 2728 διαὶ
304 2668 399 2746 πόσης
411 2673 462 2744 τῆς
475 2669 564 2744 νήσου
578 2669 733 2746 διέρχονται
747 2668 938 2745 ἐκθηρεύοντες

137 2754 203 2817 τοδς
220 2755 402 2838 ἀνθρώπους.)
443 2757 536 2834 αἵρεον
554 2757 584 2815 δὲ
602 2756 648 2814 καὶ
666 2756 717 2819 τός
737 2761 767 2816 ἐν
781 2761 818 2834 τῇ
834 2754 938 2834 ἠπείρῳ

137 2837 241 2906 πόλιας
257 2843 308 2908 τός
321 2843 412 2908 Ἰάδας
428 2844 499 2904 κατό
518 2844 555 2904 τό
574 2843 654 2903 αύτεί·
674 2843 752 2954 πλήν
768 2842 818 2904 οὔκ
836 2843 938 2922 ἐσαγή-

138 2932 296 2995 νευοντοδς
309 2931 493 3043 ρῖνθρώπους·
502 2931 534 2992 ού
547 2931 603 3012 γδρ
618 2930 700 2990 οἶό’
675 2957 693 2990 τ
713 2930 757 3006 ἦν.
797 2929 984 2988 Ἐνθαῦτα32

139 3020 318 3094 Περσέων
292 3047 319 3079 οι
341 3020 495 3100 στρατηγοὶ
516 3019 566 3078 ούκ
585 3017 740 3096 ἐψεύσαντο
755 3016 806 3078 τός
822 3013 941 3074 ἀπειλας

139 3106 189 3169 τός
209 3107 406 3182 ἐπηπείλησαν
428 3110 505 3166 τοῖσι
523 3105 604 3165 Ιωσι
623 3098 939 3182 στρατοπεδευομένοισι

139 3195 250 3254 ε’ναντία
265 3193 365 3269 σφίσι·
386 3218 422 3254 ως
434 3193 489 3272 γὰρ
503 3193 564 3268 δῆ’
551 3191 744 3268 επεκρότησαν
755 3190 811 3247 τῶν
823 3183 918 3241 πολίω

87 3352 90 3358 ¹
140 3279 241 3342 παῖδός
252 3305 284 3338 τε
296 3278 362 3342 τοδς
374 3277 579 3341 εύειδεστόταυς
592 3275 771 3356 ἐκλεγόμενοι
791 3270 903 3344 ἔξέταμν
