2294 3430
182 131 292 195 21-25]
497 129 681 178 ΙΙΟΛΤΜΝῙΑ.
933 129 980 177 133

183 213 243 284 μὲν,
258 211 400 268 κατώτατα
414 213 551 278 ἑστεῶτες,
567 207 704 285 ὤρυσσον·
727 207 815 286 ἐτεροι
829 207 858 266 δὲ
871 207 980 284 παρεδί-

184 297 272 357 δοσαν
292 297 341 356 τόν
363 298 415 356 αἷεὶ
439 296 662 374 ἐξορυσσόμενον
685 300 754 376 χοῦν
778 295 896 355 ἄλλοισι
917 322 980 355 κατ-

183 384 285 462 ύπερθε
307 389 424 444 ἑστεῶσι
446 386 491 444 ἐπὶ
508 383 633 461 βάθρων·
655 387 682 444 οἱ
702 384 724 443 δ’
746 383 780 443 αῦ
799 383 979 462 ἐκδεκόμενοι,

184 475 311 550 ἑτέροισι,
334 474 382 536 ἕως
405 473 537 533 ἀπίκοντο
560 479 587 536 ἐς
607 472 672 536 τοῦς
694 472 830 531 ἀνωτάτω·
853 469 928 531 οῦτοι
951 473 980 531 δέ

183 561 330 639 ἐξεφόρεόν
343 588 373 621 τε
388 563 433 620 καὶ
447 561 613 637 ἐξέβαλλον.
641 565 716 620 τοῖσι
729 561 780 638 μέν
793 587 841 620 νυν
854 559 979 630 ἄλλοισι,

181 650 258 726 πλήν
284 652 425 721 Φοινίκων,
453 649 704 730 καταρρηγνύμενοι
731 653 757 708 οἱ
785 649 902 726 κρημνοὶ
930 654 980 708 τοῦ

182 736 338 817 ὀρύγματος
357 737 443 797 πόνον
462 737 612 812 διπλήσιον
631 741 774 815 παρεῖχον·
796 735 844 796 ἅτε
856 735 911 817 γάρ
929 741 980 797 τοῦ

181 849 212 882 τε
225 823 281 883 ἅνω
295 824 435 901 στόματος
450 825 494 882 καὶ
507 829 557 883 τοῦ
572 823 644 882 κάτω
657 824 692 882 τοὶ
705 824 775 882 αὐτοὶ
788 825 876 900 μέτρα
890 851 978 884 ποιευ-

181 912 279 986 μένων,
294 912 398 988 ἔμελλέ
410 919 466 988 σφι
479 915 589 971 τοιοῦτο
602 910 814 986 ἀποβήσεσθαι·
837 915 863 970 οἱ
877 912 906 969 δὲ
917 914 979 971 Φοί-

182 1023 254 1060 νικες
264 1001 372 1074 σοφίην
385 1001 413 1059 ἐν
425 1025 456 1058 τε
468 1003 544 1058 τοῖσι
557 997 680 1080 ἄλλοισι
688 999 796 1079 ἔργοισι
808 997 980 1059 α’ποδείκνυν-

182 1109 236 1155 ται,
251 1087 296 1144 καὶ
310 1087 348 1162 ’δή
368 1089 414 1146 καὶ
432 1093 461 1147 ἐν
482 1087 582 1166 ἐκείνῳ·
603 1085 795 1166 ἀπολαχόντες
808 1086 862 1167 γάρ
883 1087 981 1164 μόριον
1027 1099 1034 1112 ”

182 1171 252 1233 ὅσον
272 1173 383 1234 αὐτοῖσι
400 1175 553 1251 ἐπέβαλλε,
568 1173 692 1251 ὀρυσσον
704 1173 737 1234 τό
751 1177 802 1250 μέν
815 1173 870 1234 ἅνω
886 1174 980 1251 στόμα

182 1264 232 1336 τῆς
244 1261 376 1342 διώρυχος
389 1267 529 1326 ποιεῦντες
542 1261 695 1338 διπλήσιον
710 1261 728 1338 ἢ
743 1261 813 1322 ὅσον
828 1263 880 1320 ἔδει
895 1262 980 1338 αὐτὴν

181 1349 233 1424 τήν
251 1350 370 1429 διώρυχα
388 1351 529 1432 γενέσθαι·
550 1352 754 1428 προβαίνοντος
772 1351 801 1408 δὲ
822 1355 871 1410 τοῦ
890 1352 979 1432 ἔργου,

139 1469 142 1474 ·
181 1442 304 1518 συνῆγον
317 1439 379 1497 αἰεί·
400 1438 473 1499 κάτω
485 1465 517 1499 τε
530 1439 564 1516 δή
579 1439 692 1520 ἐγίνετο,
703 1441 747 1498 καὶ
763 1439 891 1509 ἐξισοῦτο
903 1443 979 1500 τοῖσι

180 1523 297 1585 άλλοισι
309 1526 342 1586 τό
357 1527 446 1609 ἔργον.
489 1529 605 1588 ἐνθαῦτα
619 1528 649 1586 δὲ
662 1527 766 1606 λειμών
781 1533 850 1598 ἐστι,
866 1528 910 1587 ἵνα
923 1534 979 1604 σφι

181 1611 270 1692 ἀγορή
282 1641 313 1674 τε
327 1616 431 1696 ἐγίνετο
445 1617 491 1674 καὶ
500 1615 662 1693 πρητήριον·
677 1607 756 1681 σῖτος
766 1615 798 1674 δέ
807 1623 895 1692 σφισι
908 1621 978 1674 πολ-

180 1700 231 1763 λός
252 1703 351 1778 ἐφοίτα
372 1709 402 1762 ἐκ
423 1707 474 1780 τῆς
494 1703 593 1779 Ἀσίης
613 1703 816 1781 ἀληλεσμένος.
857 1703 906 1767 Ὡς
925 1707 976 1780 μὲν
988 1708 1026 1764 24

133 1821 135 1824 ·
181 1790 230 1865 ἐμὲ
245 1791 499 1867 συμβαλλεόμενον
515 1791 659 1868 εῦρίσκειν,
673 1791 928 1872 μεγαλοφροσύνης
941 1793 976 1851 εἵ-

180 1901 246 1935 νεκα
262 1877 330 1936 αύτό
344 1879 449 1954 Ξέρξης
463 1877 596 1956 ὀρύσσειν
610 1880 726 1948 ἐκέλευε,
742 1880 844 1938 ἐθέλων
857 1905 888 1938 τε
902 1879 977 1939 δύνα-

180 1989 228 2044 μιν
240 1963 457 2025 σ’ττοδείκνυσθαι
471 1966 516 2023 καὶ
529 1964 696 2042 μνημόσυνα
709 1966 853 2024 λιπέσθαι·
875 1967 979 2042 παρεόν

180 2050 235 2129 γάρ
256 2051 360 2126 μηδένα
381 2051 467 2112 πόνον
489 2051 632 2128 λαβόντας
654 2051 704 2112 τόν
726 2052 829 2130 ἰσθμόν
847 2052 897 2115 ταὶς
918 2055 979 2118 νέας

181 2137 324 2213 διειρύσαι,
346 2137 479 2215 ὀρύσσειν
499 2140 608 2198 ἐκέλευε
631 2139 752 2218 διώρυχα
774 2143 810 2218 τῇ
835 2140 977 2220 θαλάσσῃ,

181 2223 259 2302 εὖρος
278 2225 313 2289 ὦς
332 2226 381 2286 δύο
401 2227 529 2306 τριήρεας
544 2229 640 2288 πλέειν
661 2228 731 2305 ὁμοῦ
749 2231 976 2307 ἐλαστρευμένας.

179 2317 255 2373 τοῖσι
269 2313 299 2373 δὲ
312 2314 424 2375 αύτοῖσι
437 2315 570 2389 τούτοισι,
586 2317 665 2376 τοῖσί
678 2343 730 2394 περ
748 2318 794 2376 καὶ
810 2317 842 2378 τδ
860 2317 977 2401 ὄρυγμα,

179 2403 386 2478 προσετέτακτο
405 2404 452 2462 καὶ
467 2403 517 2464 τόν
532 2404 677 2482 Στρυμόνα
694 2404 822 2482 ποταμόν
839 2405 985 2477 ζεύξαντας

179 2495 352 2567 γεφυρῶσαι.

144 2579 150 2584 ’
220 2581 313 2637 Ταῦτα
325 2579 378 2656 μέν
390 2605 439 2640 νυν
452 2579 523 2640 οὕτω
533 2581 632 2640 ἐποίεε·
652 2581 878 2658 παρασκευάζετο
893 2584 922 2643 δὲ
933 2585 979 2642 καὶ
987 2587 1025 2642 25

180 2661 257 2722 ὅπλα
279 2671 306 2729 ἐς
326 2667 377 2730 τοὶς
394 2667 519 2748 γεφύρας
536 2668 666 2745 βύβλινά
685 2696 716 2729 τε
738 2670 784 2729 καὶ
805 2662 986 2742 λευκολίνου,

181 2751 312 2820 ἐπιτάξας
333 2755 441 2824 Φοίνιξί
459 2781 490 2815 τε
512 2757 558 2816 καὶ
579 2759 759 2838 Αἰγυπτίοισι
781 2760 827 2818 καὶ
849 2763 927 2820 σιτία
944 2787 979 2840 τῃ

180 2843 300 2918 στρατιῇ
322 2843 522 2918 καταβάλλειν,
543 2845 587 2906 ἵνα
604 2844 644 2922 μή
667 2845 792 2924 λιμήνειε
813 2846 832 2922 ή
850 2849 978 2925 στρατιή,

179 2926 250 3002 μηδὲ
262 2926 298 2986 τά
311 2927 447 3010 ῦποζύγια
461 2932 631 3010 ἐλαυνόμενα
642 2935 688 2992 ἐπὶ
700 2932 752 3009 τήν
765 2933 900 2992 Ἐλλάδα·
915 2935 978 2994 α’να-

179 3013 334 3091 πυθόμενος
351 3017 381 3075 δὲ
400 3016 464 3080 τοῦς
475 3019 590 3097 χοίρους,
606 3020 798 3098 καταβάλλειν
812 3023 920 3080 ἐκέλευε
938 3023 982 3081 ἵνα

180 3103 396 3179 ἐπιτηδειότατον
416 3105 465 3181 εἴη,
487 3107 578 3167 ἄλλον
598 3107 675 3186 άλλη
696 3107 855 3188 ἀγινέοντας
875 3107 980 3168 ὁλκάσι

178 3218 209 3251 τε
223 3194 269 3250 καὶ
282 3194 467 3271 πορθμηίοισι
483 3199 513 3253 ἐκ
528 3199 579 3272 τῆς
593 3195 691 3270 Ἀσίης
704 3194 899 3272 πανταχόθεν,
930 3195 980 3256 τόν

179 3280 209 3339 δὲ
227 3280 264 3342 ὦν
282 3286 420 3344 πλεῖστον
440 3286 468 3345 ἐς
488 3283 599 3357 Λευκήν
615 3283 719 3358 Ἀκτήν
741 3276 911 3358 καλεομένην
931 3288 982 3360 τῆς

188 3366 231 3396 Πᾼ
257 3369 282 3396 11
