2240 3424
155 88 265 156 ιιι-ατ]
467 93 655 144 κικιιοιιιι.
907 99 953 144 299

155 175 185 232 ἐν
197 175 372 251 Πλαταιῇσι·
393 173 442 233 ἐπὶ
452 173 490 244 δέ,
504 173 521 234 6
538 178 567 234 ἐν
583 175 671 256 Τεγέη
686 175 757 254 πρός
773 175 911 258 Τεγεήτας
923 202 954 238 τε

155 259 201 321 καὶ
221 259 364 342 Ἀργείους
383 260 539 342 γενόμενος·
563 263 634 340 μετὰ
655 263 693 334 δέ,
715 263 731 324 6
754 269 783 324 ἐν
804 269 954 325 Διπαιεῦσι

154 347 224 424 πρός
238 347 375 426 Ἀρκάδας
394 349 507 424 πάντας,
530 351 606 427 πλην
627 353 796 412 Μαντινέων·
818 353 864 412 ἐπὶ
882 353 919 427 δέ,
937 353 954 414 6

147 437 333 512 Μεσσηνίων,
355 437 371 496 6
394 438 464 515 πρός
485 442 524 518 τῷ
544 439 658 519 Ἰσθμῷ·
683 439 803 504 ὕστατος
824 442 860 512 δὲ,
886 442 901 501 6
926 447 954 502 ἐν

150 523 283 604 Τανάγρῃ
291 523 361 602 πρός
367 523 531 602 Ἀθηναίους
543 552 574 586 τε
588 529 634 586 καὶ
643 527 786 609 Ἀργείους
797 528 953 611 γενόμενος·

149 608 234 674 οὗτος
246 611 276 670 δὲ
288 611 410 676 ὕστατος
423 614 601 694 κατεργάσθη
614 619 670 676 ταῖν
682 618 764 678 πέντε
777 617 897 700 α’γάνων.
968 663 971 670 -

150 729 153 737 ’
194 697 285 776 Οὗτος
298 699 331 774 δὴ
352 699 415 760 τότε
433 705 510 760 τοῖσι
523 701 651 790 Ἕλλησι
665 703 680 762 6
696 707 859 782 Τισαμενός,
874 705 954 787 α’γάν-
963 708 1001 766 36

151 809 206 846 των
220 789 274 846 τοῖν
293 788 496 865 Σπαρτιητέων,
517 789 679 866 ἐμαντεύετο
696 796 725 850 ἐν
737 797 774 870 τῇ
792 793 953 853 Πλαταιίδι.

151 875 232 934 τοῖσιΙ
240 875 293 952 μέν
308 875 494 953 νυνἝλλησι
514 876 588 936 καλά
607 878 711 958 ἐγίνετο
729 879 765 939 τά
784 880 837 958 ἱρά,
854 881 953 957 άμυνο-
992 915 996 924 ’

150 963 270 1040 μένοισι·
285 963 405 1040 διαβᾶσι
419 965 448 1023 δέ
460 966 510 1024 τόν
519 964 651 1026 Ἀσωπόν
666 967 711 1024 καὶ
720 966 812 1046 μάχης
826 967 953 1045 ἄρχουσι,

152 1049 193 1109 οὔ.
235 1051 385 1131 Μαρδονίῳ
401 1051 431 1112 δέ
446 1053 661 1132 προθυμεομένῳ
677 1053 770 1132 μάχης
787 1053 890 1134 άρχειν,
905 1054 954 1114 οὐκ
963 1055 1000 1118 37

151 1139 281 1215 ἐπιτήδεα
302 1140 408 1222 ἐγίνετο
429 1139 464 1200 τά
487 1140 542 1218 ἶρά·
567 1140 728 1220 ἀμυνομένῳ
749 1143 778 1201 δὲ
799 1143 845 1201 καὶ
866 1142 954 1222 τούτῳ

151 1226 234 1296 καλά·
263 1227 309 1286 καὶ
330 1228 384 1309 γάρ
408 1226 488 1292 οὗτος
507 1229 703 1306 Ἑλληνικοῖσι
727 1233 813 1307 ἱροῖσι
834 1231 952 1310 ἐχρίετο,

149 1313 249 1392 μάντιν
266 1317 335 1395 ἔχων
352 1316 594 1398 Ἡγησίστρατον,
612 1317 699 1397 άνδρα
719 1318 834 1379 Ἠλεῖόν
855 1345 886 1379 τε
908 1319 954 1378 καὶ

149 1407 204 1464 τῶν
214 1404 388 1475 Τελλιαδέων
402 1405 482 1466 ἐόντα
495 1405 698 1486 λογιμώτατον·
712 1406 762 1466 τόν
771 1407 804 1483 δὴ
818 1406 954 1484 πρότερον

149 1491 440 1571 τούτωνΣπαρτιῆται
454 1495 593 1572 λαβόντες
609 1495 712 1572 ἔδησαν
726 1496 771 1554 ἐπὶ
788 1495 904 1574 θανάτῳ,
919 1494 954 1558 οἷς
997 1535 1011 1540 -

149 1581 319 1646 πεπονθότες
336 1581 435 1642 πολλά
449 1609 480 1644 τε
499 1583 545 1642 καὶ
568 1582 689 1661 άνάρσια
706 1583 753 1643 ὑπ’
775 1582 868 1643 αὐτοῦ·
891 1582 907 1643 6
925 1583 955 1642 δέ

150 1673 179 1730 ἐν
196 1670 284 1750 τούτῳ
301 1673 340 1750 τῷ
362 1675 436 1751 κακῷ
453 1669 591 1750 ἐχόμενος,
611 1670 684 1732 ὥστε
701 1673 806 1752 τρέχων
823 1671 887 1750 περὶ
904 1675 955 1748 τῆς

150 1763 242 1838 ψυχῆς
254 1757 309 1835 πρό
322 1784 353 1818 τε
366 1763 416 1819 τοῦ
433 1759 554 1820 θανάτου
569 1759 736 1836 πεισόμενος
751 1759 849 1818 πολλά
862 1787 892 1819 τε
906 1760 952 1818 καὶ

149 1846 249 1925 λυγροὶ,
277 1847 358 1926 ἔργον
385 1846 526 1925 ἐργάσατο
547 1849 632 1922 μέζον
653 1847 750 1927 λόγου·
786 1847 821 1910 οῖς
841 1845 952 1928 γάρ’δῆ

150 1931 256 1991 ἐδέδετο
271 1937 300 1991 ἐν
313 1931 387 2010 ξύλῳ
401 1933 578 2010 σιδηροδέτῳ,
591 1935 795 2010 ἐσενειχθέντος
809 1960 861 1996 κως
875 1935 952 2009 σιδη-

150 2019 210 2095 ρίου
232 2017 378 2096 ἐκράτησε·
407 2017 505 2078 αὐτίκα
529 2019 558 2077 δὲ
580 2024 739 2098 ἐμηχανᾶτο
760 2013 954 2096 ἀνδρειότατον

151 2107 232 2188 ἔργον
243 2105 353 2166 πάντων
372 2109 428 2166 τοῖν
440 2105 519 2182 ἡμεῖς
538 2106 625 2182 ἴδμεν·
647 2106 884 2184 σταθμησάμενος
898 2107 953 2187 γάρ

322 2193 509 2217 ΙἸιὶ
779 2193 885 2217 λῖΙ

150 2194 219 2259 ὅκως
235 2195 410 2265 ἐξελευσεται
433 2220 459 2253 οι
477 2220 510 2254 το
528 2193 630 2254 λοιπόν
645 2198 696 2254 τοῦ
716 2195 810 2265 ποδος,
829 2221 953 2272 απεταμε

150 2283 199 2344 τόν
211 2284 317 2362 ταρσόν
333 2285 442 2352 ἑωυτοῦ,
456 2286 543 2342 ταῦτα
562 2282 591 2341 δέ
609 2277 740 2358 ποιήσας,
755 2282 827 2342 ὥστε
841 2287 953 2358 φυλασ-

150 2373 270 2450 σόμενος
284 2371 339 2432 ύπδ
361 2369 503 2448 φυλάκων,
522 2370 648 2448 διορύξας
666 2370 717 2436 τόν
734 2375 830 2450 τοῖχον
849 2370 954 2448 άπέδρη

151 2464 179 2523 ἐς
205 2461 317 2542 Τεγέην,
344 2461 395 2524 τοὶς
419 2462 472 2538 μὲν
498 2457 597 2522 νύκτας
628 2458 820 2537 πορευόμενος,
848 2458 898 2522 τάς
924 2459 954 2518 δὲ

150 2545 255 2624 ἡμέρας
277 2543 432 2610 καταδύνων
454 2553 481 2612 ἐς
505 2546 577 2624 ὕλην
598 2547 644 2606 καὶ
666 2546 854 2624 αὐλιζόμενος·
885 2546 954 2606 οὕτω

151 2633 233 2705 ὥστε,
259 2637 483 2714 Λακεδαιμονίων
515 2629 666 2713 πανδημεὶΙ
687 2636 844 2712 διζημένων,
874 2635 954 2714 τρίτῃ

152 2721 274 2802 εὐφρόνη
300 2726 433 2805 γενέσθαι
460 2729 489 2786 ἐν
514 2725 611 2806 Τεγέη,
640 2723 705 2786 τούς
734 2724 763 2783 δὲ
790 2727 819 2783 ἐν
847 2723 954 2799 θώματι

150 2811 265 2891 μεγάλῳ
281 2812 426 2891 ἐνέχεσθαι
439 2815 490 2887 τῆς
504 2837 535 2871 τε
555 2812 672 2889 τόλμης,
691 2811 821 2888 όρέοντας
841 2809 874 2869 τό
890 2809 954 2886 ἡμί-

151 2924 238 2975 τομον
255 2903 306 2958 τοῦ
325 2898 411 2962 ποδός
433 2899 566 2976 κείμενον,
589 2898 714 2959 κάκεῖνον
736 2898 768 2958 ού
790 2897 955 2973 δυναμένους

153 2986 249 3065 εύρεῖν.
289 2979 369 3048 τότεΙ
380 2988 432 3064 μὲν
454 2982 524 3047 ούτω
546 2987 689 3066 διαφυγόν
710 2983 954 3060 Λακεδαιμονίους,

152 3067 322 3157 καταφεύγει
343 3079 371 3139 ἐς
392 3074 505 3156 Τεγέην,
528 3079 630 3134 ἐοῦσαν
652 3072 702 3134 ούκ
724 3072 844 3150 άρθμίην
864 3079 954 3130 Λακε-

152 3165 322 3243 δαιμονίοισι
341 3166 441 3228 τοῦτον
457 3162 509 3226 τόν
525 3163 636 3245 χρόνον·
659 3161 738 3244 ύγιῆς
751 3161 781 3220 δέ
798 3159 954 3242 γενόμενος,

152 3253 198 3309 καὶ
216 3253 484 3332 προσποιησάμενος
505 3253 617 3322 ξύλινον
635 3249 717 3319 πόδα,
734 3247 902 3324 κατεστήκεε
924 3251 954 3305 ἐκ
