2240 3424
171 95 218 143 ιιι
483 91 665 141 Ἦτοιοαοο
908 90 972 155 [1x.

171 173 220 232 σοὶ
247 167 336 233 ἐόντες
359 168 424 242 οἶδε,
451 168 470 245 ἦ
493 171 544 246 μὲν
571 170 692 246 Σαμίους
717 167 786 245 ἡμῖν
813 169 976 246 προθύμους

125 262 163 320 92
173 259 289 319 ἔσεσθαι
315 255 506 334 συμμάχους.”
546 255 641 315 Ταῦτά
660 281 691 315 τε
711 254 770 330 ἅμα
790 254 908 337 ἠγόρευε
928 258 976 315 καὶ

171 347 204 406 τό
223 346 303 424 ἔργον
323 347 459 423 προσῆγε·
482 343 579 402 αὐτίκα
592 343 647 423 γσὶρ
667 346 693 402 οἱ
711 342 813 418 Σάμιοι
830 344 930 404 πίστιν
944 369 977 404 τε

173 433 219 492 καὶ
248 430 327 508 ὅρκια
359 433 499 490 ἐποιεῦντο
531 431 694 508 συμμαχίης
720 430 784 505 πέρι
813 429 884 506 πρδς
910 428 978 494 τούς

167 518 320 593 Ἕλληνας·
347 519 435 576 ταῦτα
455 517 485 576 δὲ
505 517 681 592 ποιήσαντες,
703 520 730 576 οἱ
749 519 802 593 μὲν
822 516 977 578 ἀπέπλεον·

172 604 243 682 μετὰ
256 605 352 680 σφέων
364 602 420 683 γάρ
434 605 544 663 ἐκέλευε
560 603 722 664 πλέειντὸν
734 603 977 683 Ἡγησίστρατον,

127 751 130 758 ,
174 691 269 752 οἰωνόν
288 690 321 750 τό
342 689 447 767 οὔνομα
466 689 637 767 ποιεύμενος·
665 693 692 749 σί
712 690 742 749 δὲ
757 689 898 766 Ἕλληνες
918 696 979 751 ἐπι-

174 777 292 857 σχόντες
303 776 406 853 ταύτην
421 777 473 853 τήν
488 777 601 854 ήμέρην,
615 782 651 855 τῇ
671 776 804 856 ύστεραίη
819 780 979 856 ἐκαλλιερέ-

174 892 247 935 οντο,
281 865 483 942 μαντευομένου
510 871 566 941 σφι
596 864 740 940 Δηῖφόνου
765 868 816 924 τοῦ
847 865 978 941 Εὐηνίου,

175 952 273 1030 ἀνδρὸς
291 950 531 1027 Ἀπολλωνιήτεω,
556 950 750 1026 Ἀπολλωνίης
770 951 800 1010 δέ
819 956 870 1028 τῆς
890 957 919 1011 ἐν
939 957 980 1032 τῷ

173 1039 261 1119 Ἰονίῳ
288 1040 391 1119 κόλπῳ·
422 1043 472 1098 τοῦ
497 1039 548 1099 τόν
567 1039 674 1115 πατέρα
695 1040 838 1114 κατέλαβε
857 1039 980 1115 Εὐήνιον

128 1129 165 1184 93
176 1129 293 1208 πρῆγμα
305 1124 421 1186 τοιόνδε·
435 1124 522 1185 Ἐστι
538 1131 567 1186 ἐν
583 1129 619 1204 τῇ
635 1123 816 1203 Ἀπολλωνίῃ
828 1125 916 1204 ταύτῃ
931 1126 980 1202 ἱρά

174 1214 257 1290 ήλίου
275 1213 415 1292 πρόβατα,
432 1212 468 1272 τό
485 1211 536 1276 τὰς
551 1214 602 1289 μὲν
619 1211 725 1288 ἡμέρας
743 1212 883 1288 βόσκεται
900 1212 981 1288 παρὰ

174 1301 310 1377 ποταμόν,
325 1300 355 1364 ὃς
368 1305 398 1358 ἐκ
408 1298 561 1376 Λάκμωνος
574 1297 668 1376 οὔρεος
680 1299 737 1375 ῥέει
750 1297 795 1357 διά
809 1302 860 1374 τής
870 1297 980 1358 Ἀπολ-

176 1389 276 1463 λωνίης
296 1387 387 1466 χώρης
408 1391 436 1449 ἐς
459 1385 618 1454 θάλασσαν,
643 1383 708 1460 παρ’
728 1385 844 1462 Ὤρικον
866 1387 980 1462 λιμένα·

174 1473 224 1536 τοὶς
242 1473 271 1532 δέ
289 1472 387 1534 νύκτας
405 1471 583 1549 ἀραιρημένοι
599 1470 695 1548 ἄνδρες
712 1475 739 1530 οἱ
756 1472 870 1550 πλούτῳ
886 1474 981 1531 τεκαὶ

174 1560 248 1638 γένεϊ
274 1556 455 1634 δοκιμώτατοι
480 1561 534 1617 τῶν
560 1557 662 1630 άστῶν,
685 1556 763 1618 οὗτοι
790 1558 981 1634 φυλάσσουσι

176 1644 299 1704 ἐνιαυτόν
320 1645 445 1706 ἕκαστος·
480 1645 544 1720 περὶ
564 1648 676 1704 πολλοῦ
698 1645 754 1727 γὰρ
776 1645 811 1721 δή
835 1649 981 1705 ποιεῦνται

174 1731 400 1806 Ἀπολλωνιῆται
418 1729 454 1789 τά
475 1729 608 1805 πρόβατα
633 1735 730 1804 ταῦτα,
752 1737 783 1791 ἐκ
807 1732 981 1808 θεοπροπίου

175 1818 257 1881 τινάς·
279 1823 307 1877 ἐν
321 1817 350 1877 δὲ
367 1816 456 1896 Ιι’ίντριρ
474 1815 641 1902 αὐλίζονται,
655 1817 712 1877 άπό
725 1822 776 1894 τῆς
788 1818 889 1880 πόλιος
904 1819 979 1883 ἑκάς·

177 1907 241 1966 ἔνθα
254 1905 288 1982 δή
300 1905 364 1967 τότε
374 1903 390 1966 ό
399 1903 517 1982 Εύήνιος
531 1902 610 1968 οὗτος
620 1904 803 1982 ἀραιρημένος
816 1905 979 1980 ἐφύλασσε·

176 1995 225 2053 καί
252 2019 315 2052 κοτε
344 1991 428 2052 αύτοΰ
461 1990 719 2067 κατακοιμήσαντος
751 1990 803 2069 τήν
836 1993 978 2070 φυλακήν,

175 2080 363 2156 παρελθόντες
389 2078 470 2138 λύκοι
497 2083 524 2141 ἐς
550 2077 583 2138 τό
611 2077 710 2155 ἄντρον
737 2079 898 2156 διέφθειραν
922 2085 980 2141 τιΐιν

175 2166 326 2244 προβάτων
347 2165 382 2228 ὥς
403 2165 544 2241 ἐξήκοντα·
566 2165 629 2225 ὁὸἐ
649 2165 684 2228 ὥς
702 2165 809 2241 ἐπήῖσε,
828 2165 887 2244 εἶχε
907 2175 980 2247 σιγῇ

176 2253 222 2312 καὶ
248 2254 350 2328 ἔφραζε
374 2251 470 2320 ούδενὶ,
495 2257 523 2312 ἐν
550 2252 604 2331 νόῳ
630 2254 699 2330 ἔχων
726 2251 980 2328 ἀντικαταστήσειν

176 2338 254 2398 ἄλλα
266 2337 426 2413 πριάμενος·
448 2338 494 2395 καὶ
508 2337 540 2396 ού
553 2338 607 2417 γάρ
625 2339 708 2399 ἔλαθε
727 2339 792 2402 τούς
803 2338 978 2400 Ἀπολλωνι-

175 2425 244 2500 ήτας
256 2426 343 2482 ταῦτα
354 2423 497 2503 γενόμενα,
511 2423 577 2482 ἀλλ’
588 2424 623 2487 ὥς
633 2423 776 2502 ἐπύθοντο,
786 2425 981 2506 ὑπαγαγόντες

178 2535 227 2586 μιν
249 2507 303 2568 ύπὸ
325 2509 504 2586 δικαστήριον
526 2510 694 2588 κατέκριναν,
716 2512 752 2576 ὥς
772 2512 824 2587 τήν
846 2513 980 2588 φυλακήν

178 2594 429 2671 κατακοιμήσαντα,
446 2601 496 2672 τῆς
516 2595 596 2674 ὄψιος
616 2599 794 2674 στερηθῆναι·
816 2599 878 2656 ἐπεί
895 2623 927 2657 τε
949 2600 980 2658 δὲ

177 2683 226 2744 τόν
246 2681 365 2758 Εύήνιον
383 2682 589 2759 ἐξετύφλωσαν,
603 2683 701 2744 αὐτίκα
718 2682 789 2760 μετά
805 2688 894 2743 ταῦτα
914 2683 978 2746 οὔτε

177 2767 309 2848 πρόβατά
328 2776 384 2846 σφι
401 2771 488 2830 ἔτικτε
507 2768 570 2829 οὔτε
586 2774 624 2849 γῆ
642 2773 723 2847 ἔφερε
741 2769 842 2847 ὁμοίως
859 2771 979 2848 καρπόν·

178 2856 326 2933 πρόφαντα
346 2856 377 2914 δέ
396 2862 452 2930 σφι
478 2857 505 2915 ἐν
524 2880 555 2914 τε
576 2855 695 2934 Δωδώνῃ
715 2857 761 2914 καὶ
782 2861 811 2916 ἐν
831 2859 979 2932 Δελφοῖσι

179 2943 291 3022 ἐγίνετο,
308 2941 370 3000 ἐπεί
379 2966 411 2999 τε
424 2939 585 3016 ἐπειρώτεον
600 2941 664 3002 τούς
681 2942 828 3017 προφήτας
840 2942 874 3002 τό
888 2945 980 3006 αἴτιον

177 3032 227 3086 τοῦ
250 3026 401 3104 παρεόντος
424 3029 518 3094 κακοῦ,
543 3028 570 3084 οἶ
593 3025 622 3084 δὲ
645 3025 756 3086 αὐτοῖσι
780 3027 909 3103 ἔφραζον,
935 3031 980 3092 ὅτι

178 3113 276 3175 ἀδίκως
288 3112 337 3172 τόν
351 3112 479 3188 φύλακον
488 3115 543 3170 τῶν
557 3113 621 3186 ἱρῶν
634 3111 785 3187 προβάτων
794 3111 915 3187 Εύήνιον
928 3121 980 3191 τῆς

179 3195 259 3274 ὄψιος
272 3198 436 3274 ἐστέρησαν·
456 3196 535 3256 αύτοὶ
548 3196 603 3276 γάρ
617 3200 776 3272 ἐπορμῆσαι
788 3195 853 3261 τούς
865 3199 979 3265 λύκους·
