2240 3424
160 107 268 173 55-59]
472 107 660 158 KAAAIonn.
915 109 963 160 ιω

160 211 216 262 νον,
227 213 262 265 τῃ
274 189 320 247 καὶ
329 186 479 265 Δήμητρος
487 186 663 263 Ἐλευσινίης
673 184 734 262 ἱράν
743 183 839 262 ἧσται·
849 183 963 263 ἀνέμενε

160 272 190 332 δὲ
203 274 284 334 τοῦδε
298 275 395 346 εἵνεκα,
411 275 463 350 ἵνα,
478 274 512 352 ἢν
525 275 565 353 μη
580 274 706 353 ἀπολίπῃ
718 273 768 334 τόν
778 277 869 352 χῶρον
884 279 912 334 ἐν
925 278 963 354 τῷ

160 362 310 441 ἐτετάχατο
334 363 350 424 ὁ
373 363 589 441 Ἀμομφάρετός
615 390 646 423 τε
668 363 714 422 καὶ
738 361 754 422 ἀ
776 361 871 442 λόχος,
895 361 961 422 ἀλλ’

159 447 245 508 αύτοῦ
257 451 370 526 μένωσι,
384 452 503 528 βοηθέοι
516 451 608 512 ὀπίσω
622 450 687 528 παρ’
704 451 831 513 ἐκείνους.
873 451 920 510 καὶ
934 451 965 510 οἴ

158 561 191 595 τε
207 537 282 614 ἀμφὶ
300 539 349 600 τάν
358 539 575 616 Ἀμομφάρετον
594 536 777 620 παρεγίνοντό
798 544 854 614 σφι
876 539 923 598 καὶ
942 538 961 615 ἡ
1009 545 1011 550 ’

160 623 244 688 ἵππος
265 626 284 702 ἤ
305 631 359 686 τιῦν
379 627 535 704 βαρβάρων
557 627 723 704 προσέκειτο
741 629 831 686 πᾶσα·
856 629 883 685 οἱ
904 627 960 706 γάρ

160 712 276 772 ἱππόται
290 715 398 774 ἐποίευν
417 714 477 776 οἷον
494 715 540 773 καὶ
554 715 678 775 ἐώθεσαν
690 715 794 774 ποιέειν
806 714 869 773 αἰεί·
891 714 961 775 ἰδόν-

158 824 204 863 τες
217 800 246 859 δέ
259 801 308 861 τάν
320 803 413 880 χῶρον
427 802 516 862 κεινόν
529 807 558 862 ἐν
571 807 609 880 τῷ
623 801 773 880 ἐτετάχατο
786 804 813 860 οἱ
821 800 961 876 Ἕλληνες

158 890 227 966 τῇσι
246 890 400 966 προτέρῃσι
416 888 547 968 ἡμέρῃσι,
565 888 689 964 ἤλαυνον
706 889 771 951 τοῦς
790 889 890 952 ἵππους
906 889 961 948 αἰεὶ

158 974 191 1034 τό
202 976 311 1052 πρόσω·
333 977 378 1034 καὶ
388 976 447 1053 ἅμα
461 976 670 1051 καταλαβόντες
683 975 857 1052 προσεκέατό
870 980 936 1050 σφι.

199 1064 357 1140 Μαρδόνιος
373 1064 402 1122 δὲ
420 1063 456 1128 οῦς
472 1063 589 1124 ἐπύθετο
607 1063 671 1127 τοῦς
679 1063 824 1138 Ἕλληνας
844 1062 958 1143 α’ποιχο-
966 1066 1005 1126 58

157 1151 256 1226 μένους
275 1151 331 1212 ῦπῦ
349 1151 439 1227 νύκτα,
465 1151 521 1218 εἶδέ
540 1179 572 1212 τε
592 1152 641 1214 τόν
663 1156 756 1232 χῶρον
779 1156 891 1228 ἐρῆμον,
913 1178 960 1211 κα-

157 1239 245 1304 λέσας
260 1239 310 1300 τάν
325 1244 503 1318 Ληρισσαῖον
517 1240 636 1318 Θώρηκα
653 1240 697 1299 καὶ
719 1237 784 1302 τοῦς
804 1238 960 1315 ἀδελφεούς

157 1325 241 1386 αὐτοῦ
254 1326 420 1406 Εὐρύπυλον
433 1329 479 1388 καὶ
491 1327 675 1406 Θρασυδήῖον,
690 1329 778 1408 ἔλεγε·
802 1326 849 1385 “03
862 1328 959 1391 παῖδες

156 1412 283 1492 Ἀλεύεω,
300 1417 340 1476 ἐτι
357 1418 387 1476 τί
401 1417 504 1487 λέξετε,
520 1416 586 1476 τάδε
605 1415 731 1493 ὁρέοντες
754 1417 858 1492 ἐρῆμα;
881 1414 959 1490 ῦμεῖς

155 1503 211 1583 γάρ
224 1507 251 1564 οἱ
263 1503 458 1584 πλησιόχωροι
471 1504 582 1585 ἐλέγετε
594 1503 829 1580 Λακεδαιμονίους
845 1501 877 1563 ού
892 1503 958 1580 φεύ-

155 1615 215 1671 γειν
231 1597 261 1652 ἐκ
279 1591 379 1672 μάχης,
397 1591 475 1652 ἀλλά
490 1590 590 1669 ἄνδρας
609 1592 678 1652 εἶναι
694 1590 730 1651 τά
747 1591 871 1668 πολέμια
884 1591 957 1668 πρά·

154 1703 228 1743 τους·
248 1680 312 1744 τοῦς
324 1679 460 1758 πρότερόν
472 1707 503 1742 τε
515 1680 736 1758 μετισταμένους
752 1683 782 1740 ἐκ
795 1684 845 1756 τῆς
862 1678 957 1749 τάξιος

155 1766 248 1838 εἴδετε,
266 1771 314 1828 νῦν
329 1793 360 1828 τε
379 1767 434 1828 ῦπά
455 1767 507 1844 τὴν
527 1769 734 1848 παροιχομένην
757 1767 843 1828 νύκτα
863 1769 910 1826 καὶ
930 1771 957 1828 οῖ

154 1854 255 1917 πάντες
269 1854 384 1931 ὁρέομεν
399 1855 571 1931 διαδράντας·
593 1855 714 1924 διέδεξάν
730 1881 770 1925 τε,
789 1857 851 1914 ἐπεί
865 1862 957 1930 σφεας

155 1940 212 2000 ἔδεε
229 1941 299 2018 πρός
316 1941 382 2004 τοῦς
402 1941 540 2018 ἀψευδέως
558 1941 690 2017 ἀρίστους
709 1940 860 2018 ἀνθρώπων
877 1941 956 2022 μάχῃ

155 2026 336 2104 διακριθῆναι,
360 2026 404 2087 ότι
431 2026 538 2090 ούδένες
564 2026 619 2104 ἀρα
645 2027 735 2090 ἐόντες
756 2033 785 2088 ἐν
807 2027 956 2105 οὐδαμοῖσι

155 2117 234 2174 ἐοῦσι
248 2113 377 2190 Ἕλλησι
394 2113 630 2176 ἐναπεδεικνύατο·
654 2115 701 2174 καὶ
720 2114 787 2192 ῦμῖν
805 2117 857 2192 μέν
878 2120 956 2177 ἐοῦσι

154 2203 288 2280 Περσέων
305 2201 448 2279 ἀπείροισι
463 2201 561 2278 πολλή
578 2204 607 2262 ἐκ
625 2229 659 2284 γε
677 2207 743 2280 ἐμεῦ
763 2205 868 2285 ἐγένετο
887 2231 954 2285 συγ-

152 2290 258 2370 γνώμη,
275 2290 455 2352 ἐπαινεόντων
470 2289 584 2354 τούτους
599 2292 678 2351 τοῖσί
688 2317 716 2351 τι
731 2292 777 2351 καὶ
793 2292 954 2371 συνῃδέατε·

152 2376 330 2456 Ἀρταβάζου
351 2380 380 2440 δὲ
401 2380 482 2458 θῦμα
500 2379 546 2438 καὶ
562 2383 676 2456 μᾶλλον
691 2381 894 2458 ἐποιεύμην,τά
909 2380 954 2440 καὶ

153 2469 365 2544 καταρρωδῆσαι
384 2467 625 2544 Λακεδαιμονίους,
648 2468 901 2545 καταρρωδήσαντά
922 2495 954 2530 τε

153 2552 343 2624 ἀποδέξασθαι
358 2556 471 2637 γνώμην
487 2554 659 2632 δειλοτάτην,
675 2555 711 2619 οἷς
726 2556 810 2635 χρεόν
828 2557 871 2634 εἴη
888 2556 953 2618 ἀνα-

152 2640 298 2710 ζεύξαντας
309 2642 343 2704 τά
357 2643 548 2721 στρατόπεδον
562 2643 631 2703 ἰέναι
644 2648 672 2707 ἐς
684 2643 717 2704 τό
733 2645 867 2722 Θηβαίων
880 2644 953 2705 άστυ

152 2731 435 2807 πολιορκησομένους·
453 2730 506 2806 τήν
519 2732 559 2790 ἐτι
571 2730 642 2808 πρός
656 2735 721 2808 ἐμεῦ
734 2732 874 2809 βασιλεῦς
888 2727 952 2790 πεύ-

152 2840 243 2875 σεται.
284 2818 330 2877 καὶ
342 2817 446 2878 τούτων
456 2820 508 2894 μὲν
523 2819 634 2895 ἑτέρωθι
647 2820 727 2879 ἐσται
740 2819 835 2900 λόγος·
856 2823 905 2880 νῦν
923 2821 953 2878 δὲ

153 2903 282 2964 ἐκείνοισι
299 2908 387 2966 ταῦτα
402 2909 514 2964 ποιεῦσι
532 2903 582 2964 οῦκ
600 2907 765 2982 ἐπιτρεπτέα
782 2908 853 2966 ἐστι’·
874 2904 952 2966 ἀλλά

152 2989 276 3051 διωκτέοι
289 2992 344 3052 εἶσὶ
358 2997 385 3054 ἐς
395 2992 411 3052 δ
421 2993 669 3068 καταλαμφθέντες
682 2991 807 3052 δώσουσι
817 2993 884 3070 ἡμῖν
896 2997 952 3052 τιῦν

152 3076 187 3154 δη
206 3080 342 3156 ἐποίησαν
360 3080 476 3157 Πέρσας
493 3079 603 3140 πάντων
619 3079 719 3144 δίκας.”
760 3084 854 3141 Ταῦτα
872 3082 950 3144 εἴπας
958 3083 997 3141 59

151 3163 204 3248 ἦγε
222 3167 287 3232 τοῦς
306 3169 422 3246 Πέρσας
442 3166 542 3247 δρόμῳ,
565 3167 717 3245 διαβάντας
739 3168 789 3230 τόν
809 3167 949 3242 Ἀσωπόν,

152 3257 223 3316 κατά
234 3255 339 3334 στίβον
351 3261 406 3318 τῶν
423 3254 568 3332 Ἑλλήνων
582 3255 617 3320 ὥς
630 3256 664 3332 δὴ
680 3255 949 3334 ἀποδιδρησκόντων·
