2280 3432
192 117 239 166 ιιι
497 109 680 161 Ἦυοκουου
900 112 994 178 [vm.

192 209 292 274 γοντα·
313 189 420 252 ἰδόντας
438 189 468 249 δὲ
488 187 735 266 τούςΚορινθίους
749 187 802 265 τῆν
819 195 999 272 στρατηγίδα

194 279 364 359 φεύγουσαν,
377 275 506 340 ὦσαύτως
520 277 657 354 οἶχεσθαι’
680 275 715 339 ιύς
728 276 758 335 δὲ
771 275 825 354 άρα
839 278 997 358 φεύγοντας

193 367 322 447 γίνεσθαι
345 369 395 440 τῆς
418 365 591 439 Σαλαμινίης
615 363 685 423 κατά
707 363 740 424 τό
763 363 822 440 ἱρόν
845 363 997 442 Ἀθηναίης

194 454 337 531 Σκιράδος,
350 453 525 530 περιπίπτειν
538 458 595 528 σφι
608 453 713 528 κέλητα
724 451 790 530 θείη
804 457 915 530 πομπῇ·
944 452 997 514 τόν

195 541 258 602 οὔτε
270 543 419 620 πέμψαντα
433 543 555 617 φανῆναι
572 539 677 610 ούδένα,
692 538 754 600 οὔτε
767 566 795 600 τι
807 544 862 600 τῶν
874 539 931 600 οἷπό
945 546 997 617 τῆς

195 633 328 706 στρατιῆς
348 628 436 688 εἰδόσι
462 628 677 705 προσφέρεσθαι
703 633 780 688 τοῖσι
805 628 996 705 Κορινθίοισι·

194 716 260 795 τῆδε
280 716 309 775 δὲ
330 716 548 793 συμβάλλονται
570 716 638 776 εἶναι
659 717 733 776 θεῖον
752 715 785 776 τό
805 721 933 797 πρῆγμα·
959 717 997 781 οἷς

194 805 248 884 γάρ
262 804 353 886 οἶγχοῦ
366 806 497 886 γενέσθαι
510 808 564 864 τῶν
576 809 649 880 νηῶν
657 804 723 868 τούς
736 804 791 864 α’πό
805 808 855 864 τοῦ
868 805 995 880 κέλητος,

195 893 382 973 λέγειντάδε·
403 904 421 929 “
429 892 599 970 Ἀδείμαντε,
613 892 651 952 σι)
671 895 723 969 μὲν
743 891 923 970 ἀποστρέψας
945 892 997 955 τάς

195 985 268 1054 ναῦς,
281 987 308 1045 ἐς
319 981 413 1062 φυγῆν
427 980 555 1058 ὥρμησαι
569 977 758 1056 καταπροδοῧς
767 979 831 1043 τούς
839 978 995 1054 Ἕλληνας·

196 1071 222 1127 οἱ
241 1069 270 1127 δὲ
284 1069 330 1128 καὶ
343 1069 377 1144 δῆ
392 1073 497 1138 νικῶσι,
512 1067 582 1126 ὅσον
596 1067 675 1126 αὐτοὶ
686 1066 793 1143 ἠρῶντο
808 1071 996 1144 ἐπικρατῆσαι

195 1159 250 1215 τῶν
270 1154 401 1236 ἐχθρῶν·”
434 1160 522 1215 ταῦτα
542 1154 680 1236 λεγόντων
705 1153 848 1214 ἀπιστέειν
866 1155 922 1236 γάρ
945 1154 997 1215 τόν

194 1242 382 1320 Ἀδείμαντον,
397 1243 474 1306 αὖτις
486 1242 551 1303 τάδε
569 1243 669 1322 λέγειν,
685 1240 720 1305 ὥς
732 1241 811 1301 αὐτοὶ
829 1241 927 1302 οἷοίτε
941 1242 997 1302 εἶεν

195 1329 328 1412 ἀγόμενοι
346 1331 447 1408 ὅμηροι
464 1329 661 1406 ἀποθνήσκειν,
675 1327 709 1406 ἢν
726 1328 767 1406 μῆ
784 1333 909 1393 νικῶντες
929 1331 996 1406 φαί-
1058 1350 1060 1354 ·
1122 1335 1123 1398 ᾗ

195 1444 293 1478 νωνται
317 1422 343 1478 οἱ
365 1418 512 1494 Ἕλληνες·
554 1417 624 1476 οὕτω
649 1414 683 1492 δῆ
707 1416 924 1494 ἀποστρέψαντα
942 1417 996 1492 τῆν

197 1510 251 1582 νῆα
272 1506 356 1566 αὐτόν
376 1532 408 1565 τε
426 1506 472 1564 καὶ
490 1504 555 1568 τούς
572 1503 685 1577 ἄλλους,
708 1503 749 1563 ἐπ’
766 1505 995 1584 ἐξεργασμένοισι

196 1594 289 1652 ἐλθεῖν
315 1598 343 1656 ἐς
369 1591 401 1652 τό
426 1590 625 1669 στρατόπεδον.
668 1591 782 1654 τούτους
807 1593 859 1669 μὲν
880 1591 995 1669 τοιαύτη

196 1678 280 1754 φάτις
306 1673 366 1759 ἔχει
390 1679 444 1739 ύπό
470 1678 633 1754 Ἀθηναίων·
675 1677 707 1738 ού
725 1680 829 1756 ’μέντοι
855 1678 937 1738 αύτοί
960 1707 995 1762 γε

196 1769 341 1844 Κορίνθιοι
368 1767 565 1849 ὁμολογέουσι,
593 1766 657 1826 ἀλλ’
685 1772 714 1827 ἐν
739 1767 876 1845 πρώτοισι
902 1769 995 1843 σφέας

196 1855 296 1921 αύτούς
308 1860 359 1933 τῆς
371 1856 525 1934 ναυμαχίης
541 1857 685 1933 νομίζουσι
700 1855 841 1935 γενέσθαι·
861 1860 997 1932 μαρτυρεῖ

196 1945 227 2005 δέ
239 1951 294 2022 σφι
308 1945 353 2004 καὶ
366 1943 385 2022 ῆ
399 1943 475 2020 άλλη
487 1943 602 2008 Ἑλλάς.

149 2035 187 2092 95
236 2033 409 2111 Ἀριστειδης
425 2030 484 2092 δέό
499 2031 675 2110 Λυσιμάχου,
692 2030 762 2109 άνῆρ
774 2031 930 2106 Ἀθηναῖος,
944 2035 995 2091 τοῦ

198 2122 244 2180 καὶ
257 2120 343 2202 ὀλίγῳ
353 2146 381 2180 τι
390 2120 527 2198 πρότερον
539 2119 643 2180 τούτων
656 2117 834 2195 ἐπεμνήσθην
847 2117 883 2181 ὥς
895 2117 996 2195 α’νδρός

196 2209 320 2286 α’ρίστου,
335 2207 415 2271 οὗτος
434 2213 462 2267 ἐν
479 2211 518 2285 τῷ
534 2207 646 2286 θορύβῳ
664 2205 751 2285 τούτῳ
768 2208 806 2285 τῷ
821 2205 885 2282 περὶ
901 2206 995 2269 Σαλα·

196 2301 263 2374 μῖνα
288 2295 425 2377 γενομένῳ
451 2293 517 2353 τάδε
537 2294 636 2353 ἐποίεε·
669 2293 845 2370 παραλαβιδν
868 2294 996 2359 πολλούς

196 2388 251 2444 τῶν
263 2383 399 2442 ὁπλιτέων
416 2381 442 2441 οἳ
457 2380 669 2460 παρατετάχατο
686 2380 763 2458 παρὰ
777 2381 829 2457 τήν
845 2380 932 2456 άκτῆν
944 2387 996 2458 τῆς

197 2471 368 2548 Σαλαμινίης
387 2468 487 2549 χάρης,
514 2469 594 2552 γέηος
614 2468 703 2532 ἐόντες
722 2467 874 2546 Ἀθηναῖοι,
896 2473 923 2531 ἐς
942 2468 996 2544 τῆν

196 2557 368 2620 Ψυττάλειαν
384 2563 472 2634 νῆσον
493 2556 624 2634 ἀπέβησε
644 2556 726 2639 ἅγιον,
747 2556 773 2616 οἳ
793 2556 858 2620 τούς
879 2555 996 2633 Πέρσας

195 2647 259 2710 τούς
273 2651 302 2706 ἐν
315 2650 350 2726 τῆ
364 2645 456 2723 νησίδι
469 2644 555 2725 ταύτῃ
570 2644 777 2721 κατεφόνευσαν
789 2645 903 2708 πάντας.

149 2738 187 2797 96
235 2735 284 2800 Ὡς
307 2734 336 2794 δέ
363 2733 381 2811 ἡ
402 2735 541 2812 ναυμαχίη
562 2732 715 2802 διελέλυτο,
737 2732 947 2811 κατειρύσαντες
968 2737 996 2796 ἐς

195 2823 246 2901 τῆν
260 2825 407 2902 Σαλαμῖνα
421 2826 448 2882 οἱ
461 2821 600 2896 Ἕλληνες
615 2825 670 2882 τῶν
685 2823 821 2903 ναυηγίων
838 2821 894 2882 ὅσα
907 2819 995 2900 ταύτῃ

197 2911 330 2994 ἐτύγχανε
340 2911 380 2971 ἐτι
390 2910 478 2978 ἐόντα,
491 2911 595 2985 ἐτοῖμοι
605 2907 679 2984 ἦσαν
690 2913 717 2972 ἐς
727 2908 819 2984 άλλην
829 2909 992 2986 ναυμαχίην,

197 3001 354 3072 ἐλπίζοντες
376 3002 444 3076 τῇσι
470 2994 652 3073 περιεούσῃσι
671 2997 754 3071 νηυσὶ
775 2998 815 3055 ἔτι
833 2995 997 3075 χρήσεσθαι

196 3086 332 3160 βασιλέα·
352 3088 407 3144 τῶν
419 3083 449 3141 δὲ
462 3081 599 3160 ναυηγίων
611 3083 707 3142 πολλά
724 3083 879 3160 ύτολαβολν
895 3081 997 3159 ἄνεμος

197 3173 323 3249 ζέφυρος,
350 3173 432 3246 ἔφερε
458 3173 508 3243 τῆς
533 3165 662 3244 Ἀττικῆς
689 3171 734 3228 ἐπὶ
760 3171 812 3246 τῆν
838 3168 918 3245 ἠϊόνα
942 3169 997 3246 τῆν

199 3258 370 3335 καλεομένην
380 3255 523 3315 Κωλιάδα·
537 3253 610 3316 ὥστε
620 3253 788 3331 ἅπαπλῆσαι
800 3255 850 3317 τόν
858 3257 997 3334 χρησμόν
