2294 3430
163 133 266 196 ιι-ιο]
498 127 683 182 ΠΟΛΤΜΝΙΑ.
919 125 965 180 141

164 212 354 291 Σκάμανδρον,
368 214 399 278 ὃς
411 217 520 292 πρῶτος
532 216 666 290 ποταμῶν
680 210 783 271 ἐπείτε
797 215 826 270 ἐκ
840 209 964 287 Σαρδίων

163 299 331 376 ὁρμηθέντες
344 301 528 380 ἐπεχείρησαν
541 305 577 379 τῇ
591 301 653 379 ὁδῳ,
665 300 781 358 ἐπέλιπε
793 297 826 365 τά
839 299 960 376 ῥέεθρον,

163 386 220 446 οὐδ’
234 387 379 468 ἀπέχρησε
398 393 434 467 τῇ
455 393 575 468 στρατιῇ
592 414 623 447 τε
637 387 682 446 καὶ
694 390 771 447 τοῖσι
785 385 898 462 κτήνεσι
917 412 962 446 πι-

162 474 287 552 νόμενος·
315 477 362 535 ἐπὶ
383 482 482 536 τοῦτον
505 477 539 552 δῇ
562 476 612 536 τάν
636 475 763 552 ποταμὸν
788 473 823 537 ὦς
846 470 961 534 α’πίκετο

161 563 274 640 Ξέρξης,
284 569 311 628 ἐς
320 565 353 624 τὸ
365 565 496 642 Πριάμου
507 565 661 646 Πέργαμον
674 563 771 640 άνέβη,
784 563 879 640 ἵμερον
892 564 962 643 ἔχων

162 651 330 726 θεήσασθαι·
360 652 532 728 θεησάμενος
559 653 589 711 δὲ
615 652 660 712 καὶ
686 651 842 727 πυθόμενος
867 652 962 712 κείνων

162 737 276 808 ἕκαστα,
290 745 325 817 τῇ
338 739 473 818 Ἀθηναίη
490 745 526 818 τῇ
543 739 644 798 Ἰλιάδι
665 741 747 798 ἔθυσε
766 741 838 815 βοῦς
857 741 960 817 χιλίας,

161 824 231 902 χοάς
241 825 271 884 δὲ
284 830 311 884 οἱ
323 827 409 907 μάγοι
422 831 499 886 τοῖσι
513 827 603 903 ἥρωσι
614 827 736 905 ἐχέαντο·
756 831 844 886 ταῦτα
858 827 887 884 δέ
900 853 960 886 ποι-

161 913 330 987 ησαμένοισι
343 913 440 976 νυκτός
450 913 545 990 φόβος
555 919 582 976 ἐς
591 913 623 972 τά
638 913 828 990 στρατόπεδον
838 915 960 974 ἐνέπεσεΙ

162 997 221 1074 ἅμα
238 999 329 1079 ἡμέρη
350 1001 379 1059 δὲ
400 1000 548 1078 ε’πορεύετοΙ
567 1003 698 1070 ἐνθεῦτεν,
712 1007 741 1060 ἐν
761 999 894 1079 ἀριστερῇ
909 1004 962 1078 μὲν

162 1084 289 1167 άπέργων
301 1089 435 1168 Ῥοίτειον
448 1088 533 1148 πόλιν
553 1089 599 1148 καὶ
611 1088 777 1166 Ὀφρύνειον
790 1089 836 1146 καὶ
850 1087 959 1167 Δάρδα·

161 1198 217 1243 νον,
231 1174 302 1254 ἥπερ
318 1177 351 1252 δῇ
365 1176 477 1256 Ἀβύδῳ
491 1175 609 1255 ὅμουράς
623 1182 692 1246 ἐστι,
708 1182 736 1236 ἐν
755 1177 830 1254 δεξιῇ
850 1176 880 1234 δὲ
893 1177 960 1256 Γέρ·

161 1264 242 1342 γιθας
258 1265 400 1342 Τευκρούς.

201 1349 280 1410 Ἐπεὶ
296 1351 326 1412 ’δ’
352 1354 478 1434 ἐγένοντο
505 1359 534 1414 ἐν
559 1351 681 1432 Ἀβύδῳ,
703 1351 830 1428 ήθέλησε
853 1351 958 1430 Ξέρξης
967 1354 1007 1416 44

120 1506 121 1509 ¹
161 1439 273 1500 ἰδέσθαιΙ
287 1440 378 1501 πάντα
396 1441 445 1501 τὸν
466 1441 597 1518 στρατόν·
619 1442 665 1500 καὶ
678 1441 883 1518 προεπεποίητο
903 1439 958 1521 γάρ

161 1527 206 1586 ε’πὶ
224 1533 346 1589 κολωνοῦ
365 1530 489 1605 ἐπίτηδες
508 1529 580 1608 αὐτῷ
600 1528 686 1608 ταύτῃ
706 1528 858 1607 προεξέδρη
876 1529 958 1590 λίθου

160 1617 270 1674 λευκοῦ·
291 1619 427 1692 ἐποίησαν
449 1618 478 1676 δέ
495 1617 655 1694 Ἀβυδηνοὶ,
678 1617 869 1693 ἐντειλαμένου
889 1616 957 1697 πρά·

156 1723 240 1778 τερον
252 1706 401 1779 βασιλέος·
423 1705 540 1765 ἐνθαῦτα
554 1705 589 1767 ὦς
603 1706 683 1776 ἵζετο,
699 1705 822 1782 κατορῶν
842 1705 888 1762 ἐπὶ
907 1709 958 1780 τῇς

159 1788 251 1864 ἠϊόνος
261 1794 379 1868 ’ἐθηεῖτο
400 1794 446 1851 καὶ
465 1785 516 1852 τδν
532 1793 616 1862 πεζόν
630 1793 675 1850 καὶ
688 1793 737 1854 τὰς
750 1793 822 1854 νέας·
844 1792 957 1868 θηεύμε-
980 1799 982 1810 ’

160 1903 206 1939 νας
227 1879 256 1936 δὲ
277 1881 376 1956 ἱμέρθη
389 1883 444 1938 τῶν
457 1883 524 1938 νεῶν
538 1877 662 1953 ἅμιλλαν
675 1880 823 1958 γινομένην
840 1879 956 1936 ἰδέσθαι·

161 1965 220 2022 ἐπεὶ
234 1965 257 2022 δ’
271 1966 379 2046 ἐγένετό
392 1991 423 2022 τε
436 1965 482 2022 καὶ
496 1966 588 2023 ἐνίκων
601 1965 724 2026 Φοίνικες
733 1964 866 2033 Σιδώνιοι,
880 1963 956 2040 ἥσθη

159 2077 190 2108 τε
211 2055 247 2128 τῇ
264 2051 372 2129 άμίλλη
393 2051 438 2108 καὶ
455 2055 491 2130 τῇ
509 2055 638 2128 στρατιῇ·
654 2050 720 2113 ’Ὡς
739 2051 769 2110 δὲ
789 2050 846 2126 ὥρα
866 2050 957 2111 πάντα
965 2054 1004 2114 45

159 2139 211 2214 μὲν
231 2137 281 2198 τὸν
292 2138 508 2214 Ἑλλήσποντον
527 2137 582 2197 ῦπδ
597 2143 652 2198 τῶν
666 2143 733 2198 νεῶν
749 2138 956 2216 άποκεκρυμμέ·
1053 2143 1054 2148 ’

160 2251 215 2296 νον,
232 2226 327 2290 πάσας
345 2227 374 2286 δὲ
394 2226 445 2290 τάς
465 2225 550 2289 άκτάς
572 2226 618 2285 καὶ
639 2227 674 2285 τά
691 2225 854 2304 Ἀβυδηνῶν
874 2223 956 2293 πεδία

159 2317 279 2374 ἐπίπλεα
300 2315 457 2396 ἀνθρώπων,
480 2315 597 2375 ἐνθαῦτα
612 2315 717 2392 Ξέρξης
738 2309 837 2374 ἐωυτδν
855 2317 974 2394 ἐμακά-,“
1013 2315 1018 2327 ’

157 2428 230 2480 ρισε·
250 2404 321 2480 μετά
335 2404 460 2464 δὲταῦτα
474 2400 618 2488 ἐδάκρυσε.
659 2404 766 2464 Μαθῶν
786 2403 880 2481 δέιμιν
892 2404 955 2482 Ἀρ
965 2407 1002 2467 46

159 2491 281 2567 τάβανος
293 2491 310 2551 ο”
322 2493 439 2569 πάτρως,
454 2492 484 2556 ὃς
500 2492 535 2552 τά
556 2496 666 2569 πρῶτον
678 2487 790 2573 γνῶμην
803 2491 955 2562 ἀπεδέξατο
969 2517 977 2534 ²

158 2581 306 2657 ἐλευθέρως
319 2580 351 2640 ού
365 2581 570 2658 συμβουλεύων
582 2581 672 2660 Ξέρξη
688 2580 890 2656 στρατεύεσθαι
911 2583 957 2640 ἐπὶ

156 2666 209 2741 τήν
229 2667 363 2742 Ἐλλάδα,
387 2668 467 2732 οὗτος
487 2669 558 2747 ι’ῦνήρ
576 2670 714 2746 φρασθεὶς
734 2670 839 2746 Ξέρξεα
857 2669 955 2747 δακρύ-

156 2779 248 2813 σαντα
262 2757 348 2832 εἴρετο
363 2756 437 2816 τάδε·
460 2758 507 2818 “ὦ
520 2759 655 2834 βασιλεῦ,
667 2749 705 2820 οἷς
725 2757 799 2816 πολι)
820 2756 955 2833 ἀλλήλων

156 2844 348 2920 κεχωρισμένα
368 2843 492 2924 ἐργάσαο
513 2835 561 2905 νῦν
582 2871 613 2904 τε
632 2844 678 2902 ’καὶ
693 2843 780 2926 ὀλίγῳ
800 2843 935 2921 πρότερον
945 2870 953 2914 ;

154 2930 314 3006 μακαρίσας
333 2930 388 3010 γάρ
410 2931 531 2992 σεωυτὸν
547 2929 697 3008 δακρύεις·”
718 2931 777 2992 ὅδὲ
790 2931 859 2990 εἶπε·
881 2935 954 2990 “ε’σ-

154 3019 227 3094 ῇλθε
246 3016 301 3098 γάρ
322 3045 359 3095 με
377 3021 566 3100 λογισάμενον
587 3023 770 3096 κατοικτεῖραι
791 3018 826 3082 ὦς
845 3017 956 3096 βραχῦς
981 3031 984 3036 ’

155 3108 197 3184 εἴη
221 3105 239 3166 δ’
261 3110 316 3169 πᾶς
343 3105 514 3184 α’νθράπινος
537 3109 610 3183 βίος,
632 3113 656 3167 εί
679 3106 783 3190 τούτων
803 3130 836 3184 γε
857 3103 956 3164 ἐόντων

153 3196 295 3257 τοσούτων
315 3195 403 3260 οὐδεὶς
417 3202 444 3260 ἐς
457 3195 609 3276 ε’κατοστὸν
629 3196 689 3257 έτος
706 3189 875 3276 περιέσται·”ἰ
896 3189 955 3250 ὁδέ

155 3284 288 3398 άῐῳείβετο
301 3287 400 3363 λέγων·
421 3287 529 3366 αἐτεμα
541 3285 641 3344 τούτου
657 3280 734 3358 παρὰ
753 3279 804 3354 τήν
825 3277 890 3354 ζόην
907 3303 955 3340 πε·

200 3372 264 3398 -10
774 3393 778 3398 .
850 3373 858 3386 ¹
