2240 3424
154 64 202 112 ιω
458 65 643 118 Ἦνοιοτοτ
888 65 959 132 [IX.

113 143 152 210 55
162 141 204 217 εἴη
216 141 333 214 ποιέειν;
350 142 399 207 Ὡς
408 143 438 204 δὲ
451 141 565 203 ἀπίκετο
578 142 595 202 ὅ
609 141 696 220 κήρυξ
707 145 735 206 ἔς
747 141 812 208 τοάς
824 146 963 206 Λακεδαι-

160 230 278 306 μονίους,
294 230 350 308 ὥρα
363 232 395 290 τέ
408 237 500 306 σφεας
519 232 588 292 κατά
601 230 695 309 χῶρην
706 231 897 312 τεταγμένους,
913 235 963 294 καὶ

161 322 188 380 ἐς
208 318 297 376 νείκεα
317 317 485 397 ἀπιγμένους
506 317 595 378 αὐτῶν
614 318 678 382 τούς
694 318 827 395 πρώτους·
849 321 885 384 ῶς
902 321 961 402 γάρ

161 405 194 480 δή
215 407 421 486 παρηγορέοντο
437 406 487 466 τόν
499 405 716 484 Ἀμομφάρετον
734 406 750 466 ὅ
767 433 798 468 τε
814 407 963 486 Εάρυάναξ

160 493 206 552 καὶ
226 493 242 553 ό
263 494 426 570 Παυσανίης
445 494 485 570 μή
506 493 667 562 κινδυνεύειν
689 495 822 572 μένοντας
841 497 962 573 μούνους

160 581 391 658 Λακεδαιμονίων,
414 580 445 641 οὔ
469 608 521 644 κως
538 583 656 642 ἔπειθον·
687 587 713 646 ές
737 582 753 642 δ
775 588 802 648 ές
820 585 910 644 νείκεά
928 613 961 648 τε

159 669 351 746 συμπεσόντες
368 669 509 740 ἀπικέατο,
529 671 575 730 καὶ
593 669 609 730 ό
629 671 715 747 κη’ρυξ
733 675 788 730 τῶν
805 670 960 748 Ἀθηναίων

159 757 316 834 παρίστατό
337 765 393 834 σφι
413 757 574 839 ἀπιγμένος·
603 759 710 820 νεικέων
729 759 758 817 δὲ
774 757 790 818 ό
809 758 959 837 Ἀμομφά·

159 871 245 922 ρετος,
261 847 403 923 λαμβάνει
421 847 522 924 πέτρον
535 845 713 924 ἀμφοτέρῃσι
726 851 794 924 τῇσι
806 849 896 924 χερσὶ,
912 851 960 909 καὶ

160 934 245 998 τιθεὶς
263 935 317 1012 πρό
334 935 425 994 ποδῶν
440 937 495 994 τῶν
514 935 687 1004 Παυσανίεω,
708 933 795 1011 ταύτῃ
815 939 850 1012 τῇ
871 936 959 1017 ψήφῳ

159 1023 333 1099 ψηφίζεσθαι
360 1024 414 1098 ἔφη
434 1022 474 1099 μή
496 1022 608 1102 φεύγειν
631 1021 694 1086 τούς
715 1021 826 1090 ξείνους·
854 1023 960 1092 ξείνους

159 1111 248 1190 λέγων
270 1110 334 1174 τούς
356 1109 532 1186 βαρβάρους·
563 1107 579 1168 ό
604 1109 633 1168 δὲ
659 1109 825 1186 μαινόμενον
852 1111 897 1170 καὶ
924 1112 958 1172 οὗ

160 1198 299 1275 φρενήρεα
325 1200 431 1258 καλέων
458 1202 568 1268 ἐκεῖνον,
593 1196 662 1274 πρός
684 1223 715 1256 τε
736 1197 785 1256 τόν
804 1196 959 1274 Ἀθηναίων

159 1286 263 1362 κήρυκα
281 1291 466 1365 ἐπειρωτῶντα
480 1285 515 1346 τά
530 1285 721 1361 ἐντεταλμένα,
735 1286 828 1365 λέγειν
847 1285 862 1345 ὁ
880 1293 958 1348 Παυ-

160 1375 257 1449 σανίης
271 1375 379 1434 ἐκέλευε
391 1375 427 1434 τά
440 1373 578 1451 παρεόντα
595 1379 651 1449 σφι
667 1372 827 1454 πρήγματα,
848 1375 960 1453 ε’χρήῖζέ

2 1528 5 1536 ,
159 1486 190 1520 τε
209 1466 263 1522 τῶν
283 1461 436 1536 Ἀθηναίων
462 1463 670 1540 προσχωρῆσαί
687 1487 718 1520 τε
740 1461 810 1538 πρός
833 1464 956 1535 έωυτοῦς,

1 1547 8 1636 ψ
160 1549 205 1606 καὶ
227 1551 329 1610 ποιέειν
352 1551 415 1626 περὶ
436 1553 486 1624 τῆς
508 1547 614 1608 ἀπόδου
634 1549 722 1626 τάπερ
741 1547 774 1609 ἂν
796 1549 841 1609 καὶ
862 1555 956 1626 σφεῖς.

111 1636 149 1693 56
160 1636 217 1694 Καὶ
232 1637 247 1694 ὁ
263 1639 314 1712 μὲν
335 1635 541 1696 ἀπαλλάσσετο
558 1641 585 1700 ές
600 1636 664 1700 τούς
680 1636 849 1713 Ἀθηναίους.
892 1639 957 1704 τούς

158 1723 188 1781 δὲ
204 1724 263 1782 ἐπεὶ
282 1723 508 1800 ἀνακρινομένους
525 1723 594 1800 πρός
610 1724 724 1788 έωυτοῦς
743 1724 798 1800 η’ῶς
819 1727 957 1804 κατελάμ-

158 1811 238 1886 βανε,
253 1811 380 1891 ἐντούτῳ
394 1815 431 1891 τῷ
444 1811 535 1892 χρόνῳ
547 1811 698 1889 κατήμενος
711 1813 727 1873 ὁ
741 1817 912 1891 Παυσανίης,
923 1816 956 1876 οὔ

159 1898 258 1960 δοκέων
271 1901 320 1961 τόν
332 1899 549 1981 Ἀμομφάρετον
562 1901 712 1980 λείψεσθαι
725 1906 779 1962 τῶν
793 1902 887 1962 ἀλλων
898 1910 956 1964 Aa-

159 1989 335 2066 κεδαιμονίων
361 1989 592 2070 ἀποστειχόντων,
618 1991 665 2071 (τά
691 1990 725 2066 δὴ
753 1991 799 2050 καὶ
827 1992 954 2072 ε’γένετο,)

160 2077 288 2155 σημήνας
305 2078 396 2160 ἀπῆγε
413 2077 458 2138 διά
470 2082 525 2138 τῶν
542 2081 670 2138 κολωνῶν
683 2078 747 2140 τούς
760 2078 877 2142 λοιποῦς
888 2078 955 2139 πάν-

158 2190 216 2229 τας·
239 2167 349 2228 εἵποντο
363 2166 392 2226 δὲ
407 2167 452 2226 καὶ
471 2168 615 2246 Τεγεῆται·
636 2165 780 2241 Ἀθηναῖοι
797 2166 826 2224 δὲ
842 2167 956 2244 ταχθέν-

158 2278 203 2316 τες
217 2253 302 2328 ἤϊσαν
319 2254 355 2314 τά
373 2256 493 2330 ἔμπαλιν
511 2251 529 2328 ἢ
547 2251 769 2327 Λακεδαιμόνιοι·
791 2255 818 2310 οἳ
832 2255 885 2327 μὲν
899 2253 956 2334 γάρ

159 2345 214 2400 τῶν
240 2366 270 2400 τε
297 2339 388 2419 ὄχθων
415 2340 573 2419 ἀντείχοντο
602 2339 647 2398 καὶ
670 2342 719 2412 τῆς
744 2336 878 2414 ὕπωρείης
905 2346 956 2400 τοῦ

158 2429 329 2504 Κιθαιρῶνος
358 2427 529 2504 φοβεόμενοι
555 2425 607 2503 τὴν
635 2426 728 2495 ἵππον,
754 2423 899 2501 Ἀθηναῖοι
926 2428 957 2490 δὲ

109 2513 148 2576 57
158 2513 229 2573 κάτω
250 2515 419 2591 τραφθέντες
435 2519 462 2578 ές
477 2514 509 2574 τό
529 2513 631 2574 πεδίον.
673 2510 890 2590 Ἀμομφάρετος
917 2515 954 2586 δὲ,

157 2599 246 2681 ἀρχήν
256 2627 286 2661 τε
297 2600 403 2680 οὖδαμά
416 2603 516 2662 δοκέων
527 2601 692 2677 Παυσανίην
698 2601 855 2679 τολμήσειν
864 2603 956 2678 σφέας

157 2689 314 2760 ἀπολιπεῖν,
338 2692 492 2769 περιείχετο
513 2687 597 2749 αὐτοῦ
617 2690 750 2767 μένοντας
770 2689 810 2768 μὴ
834 2693 956 2750 ε’κλιπεῖν

156 2777 209 2854 τήν
234 2777 321 2848 τάξιν·
352 2777 555 2857 προτερεόντων
582 2778 611 2838 δὲ
634 2782 689 2840 τῶν
715 2777 769 2840 σῦν
796 2779 952 2856 Παυσανίῃ,

157 2865 310 2937 καταδόξας
323 2867 422 2931 αὖτοάς
437 2868 506 2947 ἰθείῃ
520 2868 604 2948 τέχνη
622 2867 772 2928 ἀπολιπεῖν
786 2865 877 2936 αὐτόν,
891 2865 956 2926 ἀνα·

156 2956 286 3032 λαβοντα
305 2955 355 3016 τόν
375 2956 464 3036 λόχον
483 2957 519 3016 τά
540 2956 616 3016 ὅπλα
636 2955 688 3037 ἦγε
711 2955 804 3032 βάδην
828 2954 898 3032 πρός
922 2952 955 3014 τό

156 3038 232 3102 ἀλλο
250 3047 363 3120 στῖφος·
384 3044 417 3105 τό
435 3045 472 3115 δὲ,
487 3044 612 3104 ἀπελθόν
630 3043 700 3104 ὅσον
717 3069 748 3104 τε
766 3044 832 3104 δέκα
845 3041 954 3112 στάδια,

155 3124 269 3204 ἀνέμενε
300 3131 350 3213 τόν
377 3131 595 3211 Ἀμομφαρέτου
623 3131 712 3210 λόχον
738 3133 802 3210 περὶ
828 3129 955 3206 ποταμῶν

156 3215 308 3276 Μολόεντα
326 3218 470 3296 ἱδρυμένον
486 3217 649 3299 Ἀργιόπιόν
665 3243 696 3278 τε
713 3223 805 3298 χῶρον
822 3214 953 3292 καλεόμε·
