2294 3430
194 96 304 160 61-67]
495 95 682 146 Ποιιυιιῑκ.
931 97 987 145 ιω

192 177 208 236 ὁ
230 173 360 250 Ὀτάνεω,
394 173 533 251 Ὑρκάνιοι
558 175 587 234 δέ
611 174 733 251 κατάπερ
755 175 868 252 Πέρσαι
890 173 990 234 ἐσεσά-

191 289 272 341 χατο,
286 261 411 344 ἡγεμόνα
428 262 615 340 παρεχόμενοι
634 261 806 342 Μεγάπανον
827 261 877 321 τόν
894 263 988 337 Βαβυ-

192 354 280 414 λῶνος
297 349 415 427 ὕστερον
434 349 537 410 τούτων
551 350 798 427 ἐπιτροπεύσαντα.
839 349 987 425 Ἀσσύριοι
999 351 1037 407 63

192 438 221 496 δὲ
234 437 450 516 στρατευόμενοι
462 437 526 514 περὶ
535 440 587 513 μὲν
596 441 666 517 τῇσι
679 441 824 519 κεφαλῇσι
835 437 910 516 εἶχον
920 436 989 516 χάλ-

121 597 129 615 f
192 524 242 584 κεά
253 549 284 586 τε
298 525 399 604 κράνεα
413 526 458 584 καὶ
471 526 652 609 πεπλεγμένα
667 525 772 602 τρόπον
792 525 855 586 τινά
874 524 987 602 βάρβα-

115 615 130 631 ”
191 639 241 690 ρον
265 613 315 672 οὐκ
341 611 529 694 εὐαπήγητον·
557 613 678 676 άσπίδας
699 613 729 672 δὲ
749 613 798 672 ’καὶ
819 612 921 691 αἰχμάς
945 613 991 670 καὶ

192 701 343 781 ἐγχειριδια
355 699 543 778 παραπλήσια
555 704 623 779 τῇσι
637 701 808 790 Αἰγαιπτίησι
823 701 907 779 εἶχον·
921 699 991 776 πρός

193 788 230 857 δέ,
251 788 364 866 ῥόπαλα
386 787 476 858 ξύλων
498 789 674 866 τετυλωμένα
697 788 801 866 σιδήρῳ
821 788 866 846 καὶ
883 789 991 852 λινέους

193 875 327 953 θώρηκας·
354 874 432 936 οὗτοι
458 877 488 936 δὲ
513 875 568 936 ύπὸ
595 878 646 952 μὲν
671 875 815 952 Ἑλλήνων
843 877 990 936 ἐκαλέοντο

194 963 296 1040 Σύριοι,
310 963 364 1024 ύπδ
379 964 408 1022 δὲ
421 968 476 1024 τῶν
488 962 645 1041 βαρβάρων
657 963 806 1040 Ἀσσύριοι
819 963 989 1038 ἐκλήθησαν·

192 1051 296 1111 τούτων
316 1053 345 1110 δὲ
365 1051 477 1127 μεταξύ,
491 1051 641 1111 Χαλδαῖοι·
661 1049 731 1129 ἦρχε
752 1050 783 1110 δέ
800 1056 896 1126 σφεων
908 1049 990 1110 Ὀτά-

194 1163 269 1214 σπης
289 1139 305 1200 ὁ
325 1139 512 1218 Ἀρταχαίουυ

234 1225 366 1303 Βάκτριοι
387 1227 417 1286 δέ
438 1227 502 1304 περὶ
522 1228 574 1304 μὲν
593 1231 662 1306 τῇσι
682 1229 826 1306 κεφαλῇσι
846 1224 989 1305 ἀγχότατα
999 1228 1038 1284 64

193 1318 248 1374 τῶν
266 1315 397 1391 Μηδικῶν
419 1316 527 1396 ἔχοντες
545 1314 752 1392 ἐστρατεύοντο,
770 1312 839 1382 τόξα
857 1313 886 1372 δὲ
905 1312 990 1371 καλά-

193 1427 260 1478 μινα
281 1404 414 1482 ἐπιχώρια
435 1404 481 1463 καὶ
502 1402 604 1482 αἰχμάς
621 1404 756 1482 βραχέας.
798 1401 886 1466 Σάκαι
905 1401 934 1458 δὲ
952 1399 991 1482 [οἱ

195 1491 310 1573 Σκύθαι]
326 1493 390 1570 περὶ
408 1495 460 1568 μὲν
479 1495 547 1569 τῇσι
567 1495 710 1569 κεφαλῇσι
731 1490 888 1567 κυρβασίας
901 1493 929 1550 ἐς
941 1487 990 1557 ὀξύ

194 1577 346 1660 ἅπιγμένας
372 1579 456 1657 ὀρθάς
482 1578 558 1658 εἶχον
583 1578 746 1659 πεπηγυίας,
774 1577 936 1654 ἀναξυρίδας
959 1577 989 1636 δὲ

194 1667 380 1728 ἐνδεδύκεσαν·
400 1666 469 1736 τόξα
482 1666 511 1726 δὲ
525 1665 666 1746 ἐπιχώρια,
681 1666 727 1724 καὶ
747 1665 905 1745 ἐγχειρίδια,
920 1663 991 1741 πρός

194 1753 223 1812 δὲ
247 1754 292 1813 καὶ
314 1753 407 1825 άξίνας
429 1753 548 1834 σαγάρις
575 1754 662 1834 εἶχον·
691 1753 815 1831 (τούτους
839 1753 867 1812 δὲ
894 1751 989 1816 ἐόντας

194 1841 303 1906 Σκύθας
314 1837 480 1921 Ἀμυργίους
501 1840 592 1906 Σάκας
612 1841 736 1900 ἐκάλεον·
758 1843 785 1900 οἱ
802 1839 857 1922 γάρ
878 1840 990 1917 Πέρσαι

193 1928 297 1992 πάντας
319 1929 384 1992 τούς
409 1927 517 1993 Σκύθας
544 1929 678 1990 καλέουσι
704 1927 820 2006 Σάκας)
845 1927 990 2004 Βακτρίων
1055 1995 1059 2000 ,

193 2014 223 2073 δὲ
244 2017 290 2073 καὶ
310 2016 420 2080 Σακέων
437 2014 508 2094 ἦρχε
522 2014 695 2094 Ὑστάσπης,
717 2015 733 2076 ά
753 2015 872 2092 Δαρείου
890 2039 921 2073 τε
943 2016 988 2074 καὶ

192 2101 335 2179 Ἀτόσσης
353 2107 404 2179 τῆς
425 2101 530 2180 Κύρου.
569 2103 652 2164 Ἰνδοὶ
673 2105 703 2163 δὲ
725 2103 824 2180 εἵματα
844 2105 895 2179 μὲν
918 2101 987 2162 ἐνδε-
1000 2106 1038 2162 65

193 2188 303 2254 δυκότες
324 2190 380 2250 άπδ
401 2189 492 2264 ξύλων
509 2193 689 2269 πεποιημένα,
710 2189 778 2261 τόξα
799 2191 829 2249 δὲ
851 2189 991 2267 καλάμινα

193 2277 269 2356 εἶχον
291 2279 337 2338 καὶ
358 2277 471 2342 όίστοῦς
489 2279 665 2356 καλαμίνους·
688 2280 733 2338 ἐπὶ
753 2278 790 2349 δὲ,
811 2277 926 2355 σίδηρον
946 2277 990 2353 ἦν.

193 2368 361 2444 ἐσταλμένοι
372 2370 424 2444 μὲν
437 2367 471 2443 δή
484 2366 558 2442 ἦσαν
572 2366 641 2426 οὕτω
654 2367 745 2428 Ἰνδοί·
762 2365 990 2445 προσετετάχατο

192 2452 221 2512 δὲ
248 2456 500 2533 συστρατευόμενοι
526 2454 710 2534 Φαρναζάθρῃ
736 2459 774 2534 τῷ
799 2454 989 2532 Ἀρταβάτεω.

191 2532 281 2618 Ἀριοι
296 2543 326 2602 δέ
338 2543 446 2613 τόξοισι
458 2546 510 2620 μὲν
523 2544 723 2620 ἐσκευασμένοι
735 2543 811 2619 ἦσαν
824 2544 988 2619 Μηδικοῖσι,
999 2545 1037 2603 66

190 2627 226 2687 τά
245 2629 274 2688 δὲ
295 2629 371 2690 ἄλλα
391 2631 461 2690 κατά
473 2657 526 2708 περ
541 2630 682 2706 Βάκτριοι·
703 2629 803 2708 Ἀρίων
816 2631 846 2690 δέ
859 2629 928 2709 ἦρχε
943 2633 990 2695 Σι-

191 2715 300 2794 σάμνης
314 2717 329 2778 ό
342 2717 498 2796 Ὑδάρνεος.
539 2719 651 2796 Πάρθοι
664 2719 694 2778 δέ
707 2720 752 2778 καὶ
766 2719 927 2796 Χοράσμιοι
943 2719 990 2780 καὶ

192 2805 297 2884 Σογδοί
317 2831 348 2865 τε
369 2807 415 2866 καὶ
436 2805 584 2883 Γανδάριοι
607 2806 653 2866 καὶ
677 2807 802 2876 Δαδίκαι,
824 2805 876 2881 τήν
902 2803 989 2880 αύτήν

191 2893 294 2968 σκευήν
307 2895 416 2972 ἔχοντες
428 2893 480 2969 τήν
493 2893 539 2952 καὶ
552 2893 693 2971 Βάκτριοι,
707 2892 914 2968 ἐστρατεύοντο·
927 2891 990 2952 τού·

192 3006 244 3039 πων
267 2981 297 3039 δὲ
319 2981 407 3060 ἦρχον
432 2981 497 3040 offic·
526 2980 648 3058 Πάρθων
670 2983 721 3058 μὲν
745 2981 790 3040 καὶ
814 2980 986 3054 Χορασμίων

191 3065 364 3144 Ἀρτάβαζος
377 3068 393 3128 ό
407 3067 563 3146 Φαρνάκεω·
586 3069 698 3148 Σογδῶν
715 3069 744 3127 δέ
756 3065 873 3141 Ἀζάνης
893 3064 908 3122 ὁ
926 3064 989 3142 Ἀρ-

190 3155 278 3215 παίου·
300 3155 458 3232 Γανδαρίων
473 3156 562 3216 δὲκαὶ
576 3155 716 3214 Δαδικέων
730 3152 880 3229 Ἀρτύφιος
894 3149 910 3210 ὁ
923 3150 986 3229 Ἀρ-

191 3240 326 3318 ταβάνου.
368 3241 496 3300 Κάσπιοι
509 3242 539 3300 δὲ
552 3240 686 3317 σισύρνας
701 3264 732 3297 τε
748 3236 925 3305 ἐνδεδυκότες,
940 3239 986 3297 καὶ
995 3241 1033 3298 67
