2294 3430
5 57 21 192 λ,
166 113 303 174 ιιι-ιω]
506 110 619 160 mmo.
913 111 961 160 τοι

5 197 7 308 φ
163 217 195 250 τε
207 191 331 268 οἰκέομεν
345 191 391 250 καὶ
404 189 470 267 ὖμῖν
488 189 583 266 τοιήδε
597 215 640 254 τις
656 189 757 271 γένοιτ’
770 187 805 252 ἂν
820 190 961 267 ἐπικουρίη

165 278 268 357 ψυχρή·
290 279 410 354 φθαίητε
422 277 478 358 γάρ
492 275 526 337 ἂν
538 277 679 341 πολλάκις
699 277 963 355 ἐξανδραποδισθέν-

129 373 210 440 ,3τες
222 365 240 441 ἦ
253 393 315 426 τινα
328 367 468 425 πυθέσθαι
480 365 581 441 ἡμέων·
604 364 838 442 συμβουλεύομεν
852 365 882 423 δὲ
898 364 963 442 ὖμῖν

166 453 259 514 δοῦναι
271 455 356 532 ὖμέας
370 453 468 515 αὐτοῖς
485 452 669 528 Ἀθηναίοισι,
683 452 913 533 πλησιοχώροισί
929 477 961 512 τε

132 539 282 619 ,[άνδράσι
305 544 350 600 καὶ
373 541 516 617 τιμωρέειν
540 545 619 601 εὀῦσι
642 539 674 600 οὗ
697 540 833 602 κακοῖσι.”
873 545 962 600 ταῦτα

166 630 372 706 συνεβούλευον
398 631 425 688 οἱ
451 627 672 704 Λακεδαιμόνιοι,
700 629 732 689 οὐ
759 628 829 688 κατά
857 627 964 704 εὐνοίην

132 715 236 806 7οῧτω
256 723 311 777 τῶν
324 715 497 784 Πλαταιέων,
513 714 547 777 ῶς
567 715 739 790 βουλόμενοι
756 717 819 778 τούς
836 715 964 792 Ἀθηναί-

167 830 216 868 ους.
231 807 304 882 ἔχειν
324 803 425 864 πόνους
446 805 635 863 συνεστεῶτας
653 807 810 862 Βοιωτοῖσι·
831 803 964 864 Λακεδαιψ

137 906 156 990 7
166 891 258 966 μόνιοι
272 891 323 966 μέν
337 915 384 948 νυν
399 891 577 946 Πλαταιεῦσι
597 892 684 946 ταῦτα
702 888 917 964 συνεβούλευον·
939 892 966 948 οἱ
1009 918 1010 922 ’

168 977 198 1035 δὲ
219 977 268 1036 οὐκ
290 976 461 1050 ἠπίστησαν,
484 973 550 1033 ἀλλ’
571 972 724 1047 Ἀθηναίων
749 974 794 1050 ἱρά
818 975 966 1036 ποιεύντων

125 1068 245 1144 [[τοῖσι
260 1063 364 1121 δώδεκα
378 1063 476 1133 θεοῖσι,
494 1061 580 1120 ἱκέται
602 1060 721 1136 ἱζόμενοι
742 1062 787 1120 ἐπὶ
806 1061 855 1120 τόν
868 1059 967 1136 βωμόν

170 1151 298 1223 ἐδίδοσαν
312 1151 403 1223 σφέας
416 1147 524 1210 αὐτούς·
538 1149 661 1222 Θηβαῖοι
675 1147 703 1206 δὲ
716 1147 868 1224 πυθόμενοι
880 1153 968 1207 ταῦτα

122 1236 369 1318 [ὅέστρατεύοντο
387 1236 432 1294 ε’πὶ
449 1235 513 1298 τούς
527 1236 696 1306 Πλαταιέας,
709 1235 853 1311 Ἀθηναῖοι
869 1235 901 1294 δέ
913 1243 969 1312 σφι

171 1325 315 1402 ἐβοήθεον·
337 1323 498 1400 μελλόντων
520 1324 550 1382 δὲ
571 1322 722 1384 συνάπτειν
743 1324 846 1403 μάχην,
869 1325 969 1401 Κορίν-

115 1413 226 1484 Ιτῖθιοι
240 1411 272 1471 οὐ
286 1413 433 1488 περιεῖδον·
456 1411 662 1490 παρατυχόντες
676 1413 705 1470 δὲ
719 1412 764 1472 καὶ
778 1411 969 1481 καταλλάξαν-

169 1525 214 1562 τες
231 1499 438 1577 Ιἐπιτρεψάντων
459 1500 632 1576 ἀμφοτέρων,
655 1499 772 1577 οὔρισαν
798 1499 850 1576 τήν
876 1499 970 1579 χώρην

121 1589 216 1698 γῖὲπῖ
235 1587 340 1647 τοῖσδε·
362 1591 409 1646 ε’ᾶν
423 1588 567 1662 Θηβαίους
581 1591 709 1648 Βοιωτῶν
728 1587 793 1650 τούς
810 1587 850 1664 μὴ
864 1589 968 1664 βουλο-

169 1677 267 1750 μένους
281 1681 308 1738 ἐς
318 1675 455 1738 Βοιωτοῖς
467 1676 582 1735 τελέειν.
611 1676 757 1751 Κορίνθιοι
770 1678 821 1752 μὲν
834 1675 867 1750 δὴ
880 1680 969 1737 ταῦτα
1007 1705 1010 1710 ·

124 1762 281 1869 μγγνόντες
291 1762 526 1822 ἀπαλλάσσοντο·
547 1762 723 1838 Ἀθηναίοισι
736 1764 766 1822 δὲ
779 1763 896 1822 οἷπιοῦσι
909 1769 969 1822 ε’πε-

171 1850 290 1924 θήκαντο
301 1851 427 1918 Βοιωτοὶ,
439 1851 596 1926 ἐπιθέμενοι
610 1849 639 1907 δὲ
654 1849 822 1923 ἑσσώθησαν
835 1854 871 1926 τῇ
881 1849 968 1927 μάχη·

115 1949 164 2028 2)
171 1935 342 2012 ὑπερβάντες
356 1936 385 1994 δὲ
400 1939 426 1994 οἱ
439 1935 584 2009 Ἀθηναῖοι
596 1935 661 1998 τοῖς
674 1939 701 1992 οἱ
711 1935 856 2010 Κορίνθιοι
870 1937 970 2010 ἔθηκαν

173 2027 348 2081 Πλαταιεῦσι
373 2022 441 2080 εἶναι
466 2020 572 2096 οὔρους,
594 2019 708 2082 τούτους
729 2020 900 2096 ὑπερβάντες
921 2022 969 2082 τδν

5 2167 6 2182 ,
89 2123 93 2130 ’
111 2104 303 2197 23Ἀσωπὸν
324 2107 408 2168 αὐτόν
431 2107 599 2183 ἐποιήσαντο
621 2107 704 2184 οὖρον
724 2109 879 2184 Θηβαίοισι
902 2109 972 2187 πρός

172 2197 333 2258 Πλαταιέας
347 2195 473 2254 εἶναικαὶ
485 2194 590 2258 Ὑσιάς.
626 2195 727 2256 ἔδοσαν
740 2198 791 2272 μὲν
805 2195 839 2272 δη
854 2199 880 2256 οἱ
891 2201 971 2258 Πλα-

110 2285 259 2363 Ζῐταιέες
269 2285 361 2359 σφέας
372 2283 471 2346 αὐτοῦς
484 2282 659 2358 Ἀθηναίοισι
672 2283 765 2364 τρόπῳ
778 2287 817 2363 τῷ
831 2286 970 2366 εἰρημένῳ·

171 2369 240 2448 ἧκον
260 2372 289 2432 δὲ
309 2371 372 2431 τότε
395 2377 421 2434 ἒς
443 2373 604 2448 Μαραθῶνα
624 2373 799 2447 βοηθέοντες.

113 2475 163 2590 μγ
212 2464 295 2518 Τοῖσι
309 2460 338 2518 δὲ
350 2459 505 2535 Ἀθηναίων
515 2463 702 2540 στρατηγοῖσι
712 2461 835 2540 ἐγίνοντο
849 2460 914 2540 δίχα
924 2464 953 2520 αἱ
963 2463 1018 2521 109
1055 2479 1057 2484 ’

172 2549 287 2626 γνῶμαι,
300 2552 355 2607 τῶν
374 2551 426 2624 μὲν
447 2547 497 2606 οὐκ
518 2545 622 2606 ἐώντων
646 2547 835 2622 συμβάλλειν·
860 2548 973 2629 ὀλίγους

113 2633 227 2757 ὶγγιῖρ
251 2634 320 2694 εἶναι
342 2639 461 2713 στρατιῇ
481 2639 517 2713 τῇ
538 2634 644 2710 Μήδων
665 2635 849 2709 συμβαλέειν·
873 2637 974 2698 τῶνδὲ

174 2719 221 2775 καὶ
239 2721 398 2780 Μιλτιάδεω
418 2722 595 2783 κελευόντων·
620 2720 655 2786 ῶς
674 2721 703 2780 δὲ
719 2721 785 2801 δίχα
801 2748 833 2782 τε
851 2724 974 2804 ἐγίνοντο

115 2806 165 2877 J(
174 2805 221 2863 καὶ
242 2807 317 2864 ἐνίκα
336 2807 354 2882 ἦ
375 2810 473 2887 χείρων
492 2814 547 2870 τῶν
567 2810 704 2890 γνωμέων,
722 2810 848 2879 ἐνθαῦτα,
865 2809 901 2886 ἦν
920 2811 974 2890 γάρ

174 2892 316 2954 ἑνδέκατος
327 2897 525 2973 ψηφιδοφόρος
535 2897 551 2956 ό
561 2901 600 2975 τῷ
610 2896 704 2974 κυάμῳ
717 2897 813 2975 λαχιδν
822 2896 976 2972 Ἀθηναίων

119 2989 169 3062 ,33
174 2982 388 3058 πολεμαρχέειν·
409 2983 442 3042 τό
459 2983 582 3043 παλαιόν
597 2985 652 3064 γάρ
666 2983 810 3058 Ἀθηναῖοι
823 2983 976 3060 ὁμόψηφον

174 3067 223 3128 τόν
249 3069 432 3148 πολέμαρχον
455 3075 596 3130 ἐποιεῦντο
619 3074 696 3129 τοῖσι
719 3073 914 3148 στρατηγοῖσι,
941 3069 976 3144 ἦν

115 3155 204 3222 ἅόδὲ
223 3154 288 3216 τότε
304 3157 485 3236 πολέμαρχος
504 3159 693 3236 Καλλίμαχος
708 3155 879 3231 Ἀφιδναῖος·
907 3154 977 3230 πρὸς

174 3247 273 3304 τοῦτον
292 3243 382 3304 ε’λθῶν
403 3245 560 3320 Μιλτιάδης
580 3246 660 3323 ἔλεγε
679 3243 754 3302 τάδε·
776 3246 831 3300 “ἐν
850 3241 900 3298 συὶ
920 3243 976 3309 νῦν,
