2204 3430
162 129 196 186 τι
470 125 653 178 Ἦνοιουοι·
900 125 963 191 [v1.

167 236 194 270 οι
185 207 395 286 ’Λαμψακηναι
414 205 638 285 λοχήσαντες“
610 207 735 283 αιρέουσι
751 205 901 314 ζιργρίημ
882 233 917 283 ην
935 209 966 269 δὲ

167 323 183 356 ο
175 294 362 370 ιΜιλτιοὶδης
379 295 494 371 Κροίσῳ
513 320 551 371 τῳ
537 293 684 372 Λυδῷ’
671 319 700 353 εν
721 294 817 374 γνοίμῃ
835 295 964 375 γεγονώς·

169 383 325 458 πυθόμενος
339 381 375 440 ὧν
388 381 403 440 ό
418 385 544 457 Κροῖσος
556 385 652 451 ταῦτα,
665 384 781 458 πέμπων
794 383 966 462 προηγόρευε

165 475 242 531 τοῖσι
263 472 482 546 Λαμψακηνοῖσι
499 469 620 546 μετιέναι
639 469 806 528 Μιλτιάδεα·
829 473 853 528 εἰ
869 469 899 529 δέ
915 473 965 547 μή,

167 559 259 634 σφέας
280 558 376 620 πίτυος
396 555 501 634 τρόπον
522 556 635 616 ἀπείλεε
653 558 798 634 ἐκτρίψειν·
819 561 964 635 πλανωμέ-

166 671 221 706 νων
239 646 269 705 δέ
286 648 341 704 τῶν
354 649 552 723 Λαμψακηνῶν
566 649 595 704 ἐν
607 647 684 703 τοῖσι
702 644 824 724 λόγοισι,
838 645 871 706 τό
888 647 969 714 θέλει

165 734 199 794 τὰ
213 735 278 796 ἔπος
293 732 362 792 εἶναι
374 731 408 793 τό
421 738 477 808 σφι
497 731 652 807 οἷπειλησεν
664 731 680 791 ὁ
694 735 827 810 Κροῖσος,
842 743 860 769 “
868 734 966 797 πίτυος

165 820 270 897 τρόπον
283 819 445 899 ἐκτρίψειν,”
458 819 541 901 μόγις
555 822 624 902 κοτὲΙ
632 820 729 898 μαθιῖιν
748 824 803 881 τῶν
819 847 861 885 τις
878 847 965 898 πρεσ-

166 911 292 987 βυτέρων
308 909 369 968 εἴτε
390 908 424 969 τό
447 908 500 978 ἐὰν,
520 907 564 967 ὅτι
579 908 660 970 πίτυς
677 906 765 984 μούνη
781 908 890 969 πόντων
908 909 965 970 δεν-

165 998 250 1075 δρέων
263 1001 414 1056 ἐκκοπεῖσα
425 996 561 1073 βλαστδν
572 995 669 1056 οὐδένα
682 997 777 1070 μετίει,
788 995 865 1055 ἄλλό
875 998 965 1058 πανό-

165 1087 265 1162 λεθρος
287 1085 485 1154 ἐξαπόλλυται·
510 1083 650 1145 δείσαντες
669 1081 705 1142 ὧν
728 1087 755 1142 οἶ
776 1087 964 1161 Λαμψακηνοὶ

38 1245 41 1252 Ι
118 1175 156 1232 38
166 1177 301 1251 Κροῖσον,
314 1172 450 1234 λύσαντες
463 1175 585 1248 μετῆκαν
599 1170 767 1230 Μιλτιάδεα.
809 1170 900 1234 Οὗτος
913 1175 965 1248 μὲν

165 1260 198 1335 δη
220 1261 266 1320 δαὶ
284 1263 413 1336 Κροῖσον
434 1257 572 1338 ἐκφεύγει·
593 1256 664 1334 μετὰ
685 1258 723 1328 δὲ,
742 1261 859 1338 τελευτᾷ
881 1259 965 1324 ἅπαις

163 1347 216 1423 την
235 1347 325 1425 α’ρχήν
337 1371 368 1405 τε
383 1346 429 1404 καὶ
441 1343 477 1404 τό
490 1345 621 1424 χρήματα
639 1345 779 1422 παροδοῦς
793 1347 964 1428 Στησαγόρῃ

164 1439 202 1512 τῷ
216 1436 345 1510 Κίμωνος
358 1432 499 1508 ἀδελφεοῦ
511 1434 589 1494 παιδὶ
605 1433 787 1511 ὁμομητρίου·
809 1435 857 1494 καί
875 1439 902 1496 οἱ
921 1461 964 1496 τε·

164 1522 333 1596 λευτήσαντι
346 1525 556 1598 Χερσονησῖται
570 1522 676 1595 θύουσι,
692 1521 728 1584 οἷς
741 1521 825 1599 νόμος
844 1526 963 1601 οἰκιστῇ,

165 1610 211 1667 καὶ
232 1608 326 1689 οἷγῶνα
345 1607 458 1668 ἱππικόν
474 1634 506 1668 τε
524 1609 569 1668 καὶ
586 1609 719 1690 γυμνικόν
736 1613 870 1670 ἐπιστᾶσι
885 1615 913 1670 ἐν
925 1617 963 1690 τῷ

164 1701 361 1774 Λαμψακηνῶν
384 1696 472 1757 οὐδενὶ
493 1697 630 1778 ἐγγίνεται
651 1696 844 1779 ἀγωνίζεσθαι.
878 1699 963 1758 πολέ-

164 1810 219 1861 μου
240 1785 269 1844 δὲ
285 1785 377 1849 ἐόντος
394 1784 464 1862 πρός
480 1783 697 1863 Λαμψακηνοθς,
717 1786 762 1844 καὶ
778 1786 963 1867 Στησαγόρεα

165 1874 307 1950 κατέλαβε
324 1873 473 1934 ἀποθανεῖν
486 1873 598 1943 ἄπαιδα,
613 1874 758 1954 πληγέντα
769 1873 821 1949 τήν
835 1873 964 1950 κεφαλήν

163 1961 274 2021 πελέκεϊ
289 1967 317 2021 ἐν
329 1966 367 2041 τῷ
379 1962 536 2042 πρυτανηίῳ
550 1961 621 2038 πρὸς
632 1960 730 2038 ἀνδρός
741 1960 901 2039 αὐτομόλου
910 1964 963 2039 μὲν

163 2052 201 2127 τῷ
216 2049 291 2131 λόγῳ
308 2051 446 2126 πολεμίου
462 2050 492 2108 δέ
508 2050 554 2108 καὶ
568 2049 793 2127 ὑποθερμοτέρου
805 2052 844 2130 τῷ
859 2050 938 2132 ἔργῳ.

116 2137 153 2194 39
204 2137 429 2212 Τελειπήσαντος
442 2137 471 2196 δὲ
490 2136 536 2196 καὶ
553 2137 739 2218 Στησαγόρεω
751 2138 845 2219 τρόπῳ
857 2139 961 2218 τοιῷδε,

164 2224 283 2284 ἐνθαῦτα
306 2223 520 2284 Μιλτιόδεα
487 2250 538 2284 τον
561 2225 698 2301 Κίμωνος,
724 2226 910 2308 Στησαγόρεω
932 2227 963 2287 δέ

162 2313 213 2370 τοῦ
236 2310 456 2424 τελευτησαντος
479 2310 626 2388 ἅδελφεον,
652 2313 962 2392 καταλαμψόμενον
925 2340 963 2374 τα

162 2395 333 2508 πρήγματα
339 2399 385 2457 ἐπὶ
407 2399 593 2476 Χερσονήσου
616 2399 831 2460 ἀποστέλλουσι
855 2401 964 2512 τριηρεῖ

164 2511 190 2546 οι
181 2486 497 2564 ”·Πεισιστρατίδαι
468 2513 495 2546 οι
514 2513 563 2565 μιν
581 2488 627 2546 καὶ
645 2492 674 2547 ἐν
693 2486 866 2567 ’Λθήνησι’
853 2489 963 2549 εποίευν

164 2571 202 2643 εὖ,
227 2573 262 2636 ὥς
287 2572 319 2632 οὗ
343 2574 499 2638 συνειδότες
525 2575 608 2650 δῆθεν
630 2578 682 2636 τοῦ
704 2577 810 2654 πατρός
833 2576 963 2653 Κίμωνος

163 2658 249 2719 αὐτοῦ
262 2660 312 2721 τόν
326 2661 452 2734 θάνατον,
466 2663 516 2724 τόν
529 2661 583 2742 ἐγοδ
598 2667 626 2722 ἐν
640 2662 720 2744 ἅλλιρ
734 2664 811 2745 λόγῳ
831 2665 963 2739 σημανέω

163 2745 199 2810 ὥς
215 2750 334 2829 ἐγένετο.
375 2750 533 2826 Μιλτιάδης
546 2749 576 2808 δὲ
592 2749 759 2828 ἀπικόμενος
779 2756 807 2815 ἐς
826 2750 878 2827 την
891 2755 962 2828 Χερ-

164 2833 290 2912 σόνησον
303 2838 361 2918 εἶχε
376 2837 434 2898 κατ’
449 2838 548 2907 οἴκους,
561 2837 611 2898 τόν
624 2838 764 2916 ἀδελφεόν
778 2835 962 2922 Στησαγόρεα

163 2923 271 3002 δηλαδὴ
285 2927 440 3003 ἐπιτιμέων·
460 2929 488 2986 αἱ
501 2925 531 2985 δὲ
541 2931 750 3004 Χερσονησῖται
760 2928 962 3003 πυνθανόμενοι

162 3018 257 3086 ταῦτα,
280 3013 494 3094 συνελέχθησαν
518 3012 574 3074 όπδ
595 3016 707 3076 πασέων
730 3019 785 3076 τῶν
807 3015 913 3075 πολίων
935 3019 962 3077 οἶ

161 3103 374 3167 δυναστεύοντες
387 3102 534 3164 πάντοθεν·
555 3107 635 3183 κοινῷ
649 3103 678 3162 δέ
692 3104 787 3184 στόλῳ
798 3103 962 3180 ἀπικόμενοι

163 3192 197 3258 οἷς
212 3190 510 3271 συλλιπιηθησόμενοι,
530 3191 666 3269 ἐδέθησαν
685 3191 732 3252 ὕπ’
749 3191 844 3254 αὖτοῧ.
885 3196 962 3252 Μιλ-

160 3281 253 3360 τιάδης
272 3309 304 3345 τε
325 3283 360 3360 δὴ
379 3283 456 3361 ἴσχει
475 3280 527 3356 τὴν
546 3279 738 3359 Χερσόνησον,
760 3280 959 3344 πεντακοσίους
