<?xml version="1.0" encoding="UTF-8"?>
<!DOCTYPE html PUBLIC "-//W3C//DTD XHTML 1.0 Transitional//EN"
    "http://www.w3.org/TR/xhtml1/DTD/xhtml1-transitional.dtd">
<html xmlns="http://www.w3.org/1999/xhtml" xml:lang="en" lang="en">
 <head>
  <title>
</title>
<meta http-equiv="Content-Type" content="text/html;charset=utf-8" />
  <meta name='ocr-system' content='tesseract 3.04.00' />
  <meta name='ocr-capabilities' content='ocr_page ocr_carea ocr_par ocr_line ocrx_word'/>
</head>
<body>
  <div class='ocr_page' id='page_1' title='image "./herodotusrecens01blakgoog_0370.png"; bbox 0 0 2240 3424; ppageno 0'>
   <div class='ocr_carea' id='block_1_1' title="bbox 168 63 962 147">
    <p class='ocr_par' dir='ltr' id='par_1_1' title="bbox 168 63 962 147">
     <span class='ocr_line' id='line_1_1' title="bbox 168 63 962 147; baseline 0.005 -14"><span class='ocrx_word' id='word_1_1' title='bbox 168 83 305 147; x_wconf 75' lang='grc' dir='ltr'>ιιι-ιιι]</span> <span class='ocrx_word' id='word_1_2' title='bbox 468 63 657 135; x_wconf 71' lang='grc' dir='ltr'>κιιιιοαιι.</span> <span class='ocrx_word' id='word_1_3' title='bbox 916 85 962 139; x_wconf 75' lang='grc' dir='ltr'>τοι</span> 
     </span>
    </p>
   </div>
   <div class='ocr_carea' id='block_1_2' title="bbox 166 161 964 248">
    <p class='ocr_par' dir='ltr' id='par_1_2' title="bbox 166 161 964 248">
     <span class='ocr_line' id='line_1_2' title="bbox 166 161 964 248; baseline 0.004 -25"><span class='ocrx_word' id='word_1_4' title='bbox 166 165 258 242; x_wconf 84' lang='grc' dir='ltr'>ἔφερε·</span> <span class='ocrx_word' id='word_1_5' title='bbox 284 163 477 248; x_wconf 89' lang='grc' dir='ltr'>α’παγαγόντες</span> <span class='ocrx_word' id='word_1_6' title='bbox 496 166 526 225; x_wconf 80' lang='grc' dir='ltr'>δὲ</span> <span class='ocrx_word' id='word_1_7' title='bbox 543 164 629 227; x_wconf 80' lang='grc' dir='ltr'>αύτδν</span> <span class='ocrx_word' id='word_1_8' title='bbox 644 169 672 230; x_wconf 82' lang='grc' dir='ltr'>ἔς</span> <span class='ocrx_word' id='word_1_9' title='bbox 688 164 741 242; x_wconf 71' lang='grc' dir='ltr'>τήν</span> <span class='ocrx_word' id='word_1_10' title='bbox 757 161 846 242; x_wconf 79' lang='grc' dir='ltr'>άκτήν</span> <span class='ocrx_word' id='word_1_11' title='bbox 865 170 893 229; x_wconf 80' lang='grc' dir='ltr'>ε’ς·</span> <span class='ocrx_word' id='word_1_12' title='bbox 912 165 964 241; x_wconf 76' lang='grc' dir='ltr'>τὴν</span> 
     </span>
    </p>
   </div>
   <div class='ocr_carea' id='block_1_3' title="bbox 165 252 1013 2848">
    <p class='ocr_par' dir='ltr' id='par_1_3' title="bbox 165 252 1009 942">
     <span class='ocr_line' id='line_1_3' title="bbox 165 252 963 334; baseline 0 -20"><span class='ocrx_word' id='word_1_13' title='bbox 165 253 220 328; x_wconf 80' lang='grc' dir='ltr'>Ξέρ</span> <span class='ocrx_word' id='word_1_14' title='bbox 258 279 271 314; x_wconf 90' lang='grc' dir='ltr'>ς</span> <span class='ocrx_word' id='word_1_15' title='bbox 292 253 381 323; x_wconf 82' lang='grc' dir='ltr'>ἔζευξε</span> <span class='ocrx_word' id='word_1_16' title='bbox 404 252 454 313; x_wconf 76' lang='grc' dir='ltr'>τόν</span> <span class='ocrx_word' id='word_1_17' title='bbox 474 252 571 330; x_wconf 86' lang='grc' dir='ltr'><strong>πόρον,</strong></span> <span class='ocrx_word' id='word_1_18' title='bbox 596 254 637 332; x_wconf 84' lang='grc' dir='ltr'>(οἷ</span> <span class='ocrx_word' id='word_1_19' title='bbox 657 254 687 312; x_wconf 85' lang='grc' dir='ltr'>δὲ</span> <span class='ocrx_word' id='word_1_20' title='bbox 711 253 829 334; x_wconf 91' lang='grc' dir='ltr'>λέγουσι</span> <span class='ocrx_word' id='word_1_21' title='bbox 850 253 895 312; x_wconf 78' lang='grc' dir='ltr'>ἐπὶ</span> <span class='ocrx_word' id='word_1_22' title='bbox 914 253 963 314; x_wconf 84' lang='grc' dir='ltr'>τὸν</span> 
     </span>
     <span class='ocr_line' id='line_1_4' title="bbox 165 337 963 421; baseline 0.003 -23"><span class='ocrx_word' id='word_1_23' title='bbox 165 338 287 399; x_wconf 85' lang='grc' dir='ltr'>κολωνδν</span> <span class='ocrx_word' id='word_1_24' title='bbox 307 339 357 400; x_wconf 78' lang='grc' dir='ltr'>τόν</span> <span class='ocrx_word' id='word_1_25' title='bbox 377 339 446 418; x_wconf 78' lang='grc' dir='ltr'>ύπέρ</span> <span class='ocrx_word' id='word_1_26' title='bbox 465 340 598 400; x_wconf 83' lang='grc' dir='ltr'>Μαδύτου</span> <span class='ocrx_word' id='word_1_27' title='bbox 615 341 737 421; x_wconf 89' lang='grc' dir='ltr'>πόλιος,)</span> <span class='ocrx_word' id='word_1_28' title='bbox 758 340 858 401; x_wconf 77' lang='grc' dir='ltr'>σανίδα</span> <span class='ocrx_word' id='word_1_29' title='bbox 875 337 963 419; x_wconf 83' lang='grc' dir='ltr'>προσ-</span> 
     </span>
     <span class='ocr_line' id='line_1_5' title="bbox 165 426 964 505; baseline 0.003 -20"><span class='ocrx_word' id='word_1_30' title='bbox 165 427 426 497; x_wconf 84' lang='grc' dir='ltr'>πασσαλεύσαντες,</span> <span class='ocrx_word' id='word_1_31' title='bbox 454 426 656 505; x_wconf 71' lang='grc' dir='ltr'>ἀνεκρέμασαν·</span> <span class='ocrx_word' id='word_1_32' title='bbox 689 428 739 488; x_wconf 79' lang='grc' dir='ltr'>τὸν</span> <span class='ocrx_word' id='word_1_33' title='bbox 762 428 792 487; x_wconf 83' lang='grc' dir='ltr'>δὲ</span> <span class='ocrx_word' id='word_1_34' title='bbox 818 427 903 486; x_wconf 85' lang='grc' dir='ltr'>παῖδα</span> <span class='ocrx_word' id='word_1_35' title='bbox 935 432 964 487; x_wconf 86' lang='grc' dir='ltr'>έν</span> 
     </span>
     <span class='ocr_line' id='line_1_6' title="bbox 166 511 1009 591; baseline -0.004 -17"><span class='ocrx_word' id='word_1_36' title='bbox 166 511 345 591; x_wconf 83' lang='grc' dir='ltr'>ὀφθαλμοῖσι</span> <span class='ocrx_word' id='word_1_37' title='bbox 357 518 407 574; x_wconf 72' lang='grc' dir='ltr'>τοῦ</span> <span class='ocrx_word' id='word_1_38' title='bbox 416 513 589 591; x_wconf 77' lang='grc' dir='ltr'>Ἀρταΰκτεω</span> <span class='ocrx_word' id='word_1_39' title='bbox 606 516 786 576; x_wconf 81' lang='grc' dir='ltr'>κατέλευσαν.</span> <span class='ocrx_word' id='word_1_40' title='bbox 807 519 902 575; x_wconf 72' lang='grc' dir='ltr'>Ταῦτα</span> <span class='ocrx_word' id='word_1_41' title='bbox 914 514 944 574; x_wconf 81' lang='grc' dir='ltr'>δὲ</span> <span class='ocrx_word' id='word_1_42' title='bbox 954 513 1009 573; x_wconf 81' lang='grc'>121</span> 
     </span>
     <span class='ocr_line' id='line_1_7' title="bbox 165 600 963 677; baseline 0.005 -19"><span class='ocrx_word' id='word_1_43' title='bbox 165 600 334 676; x_wconf 81' lang='grc' dir='ltr'>ποιήσαντες</span> <span class='ocrx_word' id='word_1_44' title='bbox 351 600 494 661; x_wconf 87' lang='grc' dir='ltr'>ἀπέπλεον</span> <span class='ocrx_word' id='word_1_45' title='bbox 513 606 540 665; x_wconf 80' lang='grc' dir='ltr'>ἐς</span> <span class='ocrx_word' id='word_1_46' title='bbox 557 601 608 677; x_wconf 75' lang='grc' dir='ltr'>τὴν</span> <span class='ocrx_word' id='word_1_47' title='bbox 628 601 763 673; x_wconf 85' lang='grc' dir='ltr'>Ἑλλάδα,</span> <span class='ocrx_word' id='word_1_48' title='bbox 780 602 816 662; x_wconf 91' lang='grc' dir='ltr'>τά</span> <span class='ocrx_word' id='word_1_49' title='bbox 834 628 866 664; x_wconf 93' lang='grc' dir='ltr'>τε</span> <span class='ocrx_word' id='word_1_50' title='bbox 885 601 963 662; x_wconf 86' lang='grc' dir='ltr'>άλλα</span> 
     </span>
     <span class='ocr_line' id='line_1_8' title="bbox 165 686 963 770; baseline 0.005 -24"><span class='ocrx_word' id='word_1_51' title='bbox 165 686 297 766; x_wconf 86' lang='grc' dir='ltr'>χρήματα</span> <span class='ocrx_word' id='word_1_52' title='bbox 313 687 426 768; x_wconf 78' lang='grc' dir='ltr'>ἄγοντες</span> <span class='ocrx_word' id='word_1_53' title='bbox 442 688 488 747; x_wconf 86' lang='grc' dir='ltr'>καὶ</span> <span class='ocrx_word' id='word_1_54' title='bbox 501 687 535 763; x_wconf 77' lang='grc' dir='ltr'>δή</span> <span class='ocrx_word' id='word_1_55' title='bbox 550 688 596 746; x_wconf 83' lang='grc' dir='ltr'>καὶ</span> <span class='ocrx_word' id='word_1_56' title='bbox 608 688 645 748; x_wconf 81' lang='grc' dir='ltr'>τά</span> <span class='ocrx_word' id='word_1_57' title='bbox 657 688 734 748; x_wconf 85' lang='grc' dir='ltr'>ὅπλα</span> <span class='ocrx_word' id='word_1_58' title='bbox 746 694 801 750; x_wconf 82' lang='grc' dir='ltr'>τῶν</span> <span class='ocrx_word' id='word_1_59' title='bbox 813 690 963 770; x_wconf 77' lang='grc' dir='ltr'>γεφυρέων,</span> 
     </span>
     <span class='ocr_line' id='line_1_9' title="bbox 166 773 962 851; baseline 0.005 -19"><span class='ocrx_word' id='word_1_60' title='bbox 166 773 202 837; x_wconf 75' lang='grc' dir='ltr'>οἷς</span> <span class='ocrx_word' id='word_1_61' title='bbox 215 773 402 850; x_wconf 84' lang='grc' dir='ltr'>ἀναθήσοντες</span> <span class='ocrx_word' id='word_1_62' title='bbox 419 780 447 838; x_wconf 84' lang='grc' dir='ltr'>ές</span> <span class='ocrx_word' id='word_1_63' title='bbox 465 774 501 835; x_wconf 82' lang='grc' dir='ltr'>τά</span> <span class='ocrx_word' id='word_1_64' title='bbox 523 775 577 851; x_wconf 82' lang='grc' dir='ltr'>ἱρά·</span> <span class='ocrx_word' id='word_1_65' title='bbox 602 776 648 834; x_wconf 88' lang='grc' dir='ltr'>καὶ</span> <span class='ocrx_word' id='word_1_66' title='bbox 665 774 734 835; x_wconf 78' lang='grc' dir='ltr'>κατά</span> <span class='ocrx_word' id='word_1_67' title='bbox 755 775 788 835; x_wconf 78' lang='grc' dir='ltr'>τά</span> <span class='ocrx_word' id='word_1_68' title='bbox 804 777 864 840; x_wconf 82' lang='grc' dir='ltr'>ἔτος</span> <span class='ocrx_word' id='word_1_69' title='bbox 878 781 962 837; x_wconf 81' lang='grc' dir='ltr'>τοῦτο</span> 
     </span>
     <span class='ocr_line' id='line_1_10' title="bbox 166 858 963 942; baseline -0.003 -20"><span class='ocrx_word' id='word_1_70' title='bbox 166 861 244 922; x_wconf 75' lang='grc' dir='ltr'>οὐδὲν</span> <span class='ocrx_word' id='word_1_71' title='bbox 258 863 296 922; x_wconf 85' lang='grc' dir='ltr'>ἔτι</span> <span class='ocrx_word' id='word_1_72' title='bbox 309 863 396 922; x_wconf 83' lang='grc' dir='ltr'>πλέον</span> <span class='ocrx_word' id='word_1_73' title='bbox 409 862 512 923; x_wconf 87' lang='grc' dir='ltr'>τούτων</span> <span class='ocrx_word' id='word_1_74' title='bbox 526 863 643 942; x_wconf 76' lang='grc' dir='ltr'>ἐγένετο.</span> <span class='ocrx_word' id='word_1_75' title='bbox 959 858 963 864; x_wconf 66' lang='grc'><strong>’</strong></span> 
     </span>
    </p>

    <p class='ocr_par' dir='ltr' id='par_1_4' title="bbox 166 947 1013 2848">
     <span class='ocr_line' id='line_1_11' title="bbox 207 947 1012 1026; baseline -0.004 -17"><span class='ocrx_word' id='word_1_76' title='bbox 207 948 313 1009; x_wconf 79' lang='grc' dir='ltr'>Τούτου</span> <span class='ocrx_word' id='word_1_77' title='bbox 326 950 356 1009; x_wconf 78' lang='grc' dir='ltr'>δὲ</span> <span class='ocrx_word' id='word_1_78' title='bbox 368 953 420 1010; x_wconf 82' lang='grc' dir='ltr'>τοῦ</span> <span class='ocrx_word' id='word_1_79' title='bbox 432 949 605 1026; x_wconf 73' lang='grc' dir='ltr'>Ἀρταΰκτεω</span> <span class='ocrx_word' id='word_1_80' title='bbox 617 953 668 1010; x_wconf 81' lang='grc' dir='ltr'>τοῦ</span> <span class='ocrx_word' id='word_1_81' title='bbox 686 947 945 1026; x_wconf 75' lang='grc' dir='ltr'>ἀνακρεμασθέντος</span> <span class='ocrx_word' id='word_1_82' title='bbox 955 953 968 1006; x_wconf 92' lang='grc'><strong>1</strong></span> <span class='ocrx_word' id='word_1_83' title='bbox 977 953 1012 1006; x_wconf 74' lang='lat'>..2</span> 
     </span>
     <span class='ocr_line' id='line_1_12' title="bbox 166 1035 964 1117; baseline -0.001 -21"><span class='ocrx_word' id='word_1_84' title='bbox 166 1037 316 1115; x_wconf 80' lang='grc' dir='ltr'>προπάτωρ</span> <span class='ocrx_word' id='word_1_85' title='bbox 337 1037 533 1116; x_wconf 79' lang='grc' dir='ltr'>Ἀρτεμβάρης</span> <span class='ocrx_word' id='word_1_86' title='bbox 556 1037 618 1097; x_wconf 78' lang='grc' dir='ltr'>ἐστὶ</span> <span class='ocrx_word' id='word_1_87' title='bbox 639 1035 655 1097; x_wconf 79' lang='grc' dir='ltr'>ὅ</span> <span class='ocrx_word' id='word_1_88' title='bbox 676 1037 808 1115; x_wconf 81' lang='grc' dir='ltr'>Πέρσῃσι</span> <span class='ocrx_word' id='word_1_89' title='bbox 829 1035 964 1117; x_wconf 78' lang='grc' dir='ltr'>ἐξηγησά-</span> 
     </span>
     <span class='ocr_line' id='line_1_13' title="bbox 166 1123 965 1206; baseline -0.001 -21"><span class='ocrx_word' id='word_1_90' title='bbox 166 1151 248 1202; x_wconf 81' lang='grc' dir='ltr'>μενος</span> <span class='ocrx_word' id='word_1_91' title='bbox 269 1125 363 1206; x_wconf 86' lang='grc' dir='ltr'>λόγον,</span> <span class='ocrx_word' id='word_1_92' title='bbox 379 1125 429 1186; x_wconf 80' lang='grc' dir='ltr'>τάν</span> <span class='ocrx_word' id='word_1_93' title='bbox 448 1129 545 1185; x_wconf 82' lang='grc' dir='ltr'>ἐκεῖνοι</span> <span class='ocrx_word' id='word_1_94' title='bbox 565 1124 759 1201; x_wconf 75' lang='grc' dir='ltr'>ὑπολαβόντες</span> <span class='ocrx_word' id='word_1_95' title='bbox 778 1123 861 1204; x_wconf 81' lang='grc' dir='ltr'>Κύρῳ</span> <span class='ocrx_word' id='word_1_96' title='bbox 877 1149 965 1201; x_wconf 92' lang='grc' dir='ltr'>προσ-</span> 
     </span>
     <span class='ocr_line' id='line_1_14' title="bbox 166 1211 964 1294; baseline -0.005 -20"><span class='ocrx_word' id='word_1_97' title='bbox 166 1211 286 1288; x_wconf 83' lang='grc' dir='ltr'>ήνεικαν,</span> <span class='ocrx_word' id='word_1_98' title='bbox 313 1214 433 1294; x_wconf 91' lang='grc' dir='ltr'>λέγοντα</span> <span class='ocrx_word' id='word_1_99' title='bbox 452 1213 527 1273; x_wconf 90' lang='grc' dir='ltr'>τάδε·</span> <span class='ocrx_word' id='word_1_100' title='bbox 553 1213 638 1272; x_wconf 61' lang='lat' dir='ltr'>“emt</span> <span class='ocrx_word' id='word_1_101' title='bbox 659 1211 725 1276; x_wconf 76' lang='grc' dir='ltr'>Ζεύς</span> <span class='ocrx_word' id='word_1_102' title='bbox 744 1213 879 1292; x_wconf 81' lang='grc' dir='ltr'>Πέρσῃσι</span> <span class='ocrx_word' id='word_1_103' title='bbox 901 1211 964 1293; x_wconf 76' lang='grc' dir='ltr'>ἡγε-</span> 
     </span>
     <span class='ocr_line' id='line_1_15' title="bbox 166 1299 966 1380; baseline -0.005 -18"><span class='ocrx_word' id='word_1_104' title='bbox 166 1301 266 1377; x_wconf 88' lang='grc' dir='ltr'>μανίην</span> <span class='ocrx_word' id='word_1_105' title='bbox 274 1301 352 1371; x_wconf 85' lang='grc' dir='ltr'>διδοῖ,</span> <span class='ocrx_word' id='word_1_106' title='bbox 361 1301 466 1378; x_wconf 77' lang='grc' dir='ltr'>ἀνδρῶν</span> <span class='ocrx_word' id='word_1_107' title='bbox 474 1301 503 1360; x_wconf 80' lang='grc' dir='ltr'>δὲ</span> <span class='ocrx_word' id='word_1_108' title='bbox 511 1301 567 1370; x_wconf 81' lang='grc' dir='ltr'>σοὶ,</span> <span class='ocrx_word' id='word_1_109' title='bbox 576 1304 660 1379; x_wconf 77' lang='grc' dir='ltr'>Κῦρε,</span> <span class='ocrx_word' id='word_1_110' title='bbox 669 1299 966 1380; x_wconf 77' lang='grc' dir='ltr'>κατελιδνἈστυάγεα·</span> 
     </span>
     <span class='ocr_line' id='line_1_16' title="bbox 167 1386 964 1470; baseline 0.001 -24"><span class='ocrx_word' id='word_1_111' title='bbox 167 1389 244 1464; x_wconf 90' lang='grc' dir='ltr'>φέρε,</span> <span class='ocrx_word' id='word_1_112' title='bbox 257 1392 311 1470; x_wconf 75' lang='grc' dir='ltr'>γῆν</span> <span class='ocrx_word' id='word_1_113' title='bbox 324 1389 378 1469; x_wconf 87' lang='grc' dir='ltr'>γάρ</span> <span class='ocrx_word' id='word_1_114' title='bbox 393 1387 530 1464; x_wconf 75' lang='grc' dir='ltr'>ἐκτήμεθα</span> <span class='ocrx_word' id='word_1_115' title='bbox 547 1387 647 1469; x_wconf 79' lang='grc' dir='ltr'>ὀλίγην</span> <span class='ocrx_word' id='word_1_116' title='bbox 664 1389 710 1446; x_wconf 87' lang='grc' dir='ltr'>καὶ</span> <span class='ocrx_word' id='word_1_117' title='bbox 722 1386 824 1464; x_wconf 83' lang='grc' dir='ltr'>ταύτην</span> <span class='ocrx_word' id='word_1_118' title='bbox 837 1387 964 1466; x_wconf 89' lang='grc' dir='ltr'>τρηχέην,</span> 
     </span>
     <span class='ocr_line' id='line_1_17' title="bbox 166 1474 967 1555; baseline -0.004 -19"><span class='ocrx_word' id='word_1_119' title='bbox 166 1475 389 1552; x_wconf 78' lang='grc' dir='ltr'>μεταναστάντες</span> <span class='ocrx_word' id='word_1_120' title='bbox 402 1481 432 1536; x_wconf 80' lang='grc' dir='ltr'>ἐκ</span> <span class='ocrx_word' id='word_1_121' title='bbox 444 1475 545 1552; x_wconf 79' lang='grc' dir='ltr'>ταύτης</span> <span class='ocrx_word' id='word_1_122' title='bbox 556 1474 648 1552; x_wconf 76' lang='grc' dir='ltr'>ἀλλην</span> <span class='ocrx_word' id='word_1_123' title='bbox 658 1476 762 1555; x_wconf 80' lang='grc' dir='ltr'>ἔχωμεν</span> <span class='ocrx_word' id='word_1_124' title='bbox 771 1474 881 1553; x_wconf 84' lang='grc' dir='ltr'>ἀμείνω.</span> <span class='ocrx_word' id='word_1_125' title='bbox 910 1475 967 1534; x_wconf 81' lang='grc' dir='ltr'>εἰσὶ</span> 
     </span>
     <span class='ocr_line' id='line_1_18' title="bbox 168 1562 965 1645; baseline 0 -23"><span class='ocrx_word' id='word_1_126' title='bbox 168 1563 198 1622; x_wconf 77' lang='grc' dir='ltr'>δὲ</span> <span class='ocrx_word' id='word_1_127' title='bbox 210 1565 318 1624; x_wconf 88' lang='grc' dir='ltr'>πολλαὶ</span> <span class='ocrx_word' id='word_1_128' title='bbox 330 1566 382 1642; x_wconf 74' lang='grc' dir='ltr'>μὲν</span> <span class='ocrx_word' id='word_1_129' title='bbox 394 1562 588 1645; x_wconf 73' lang='grc' dir='ltr'>ἀστυγείτονες</span> <span class='ocrx_word' id='word_1_130' title='bbox 600 1565 708 1624; x_wconf 87' lang='grc' dir='ltr'>πολλαὶ</span> <span class='ocrx_word' id='word_1_131' title='bbox 718 1563 747 1623; x_wconf 82' lang='grc' dir='ltr'>δὲ</span> <span class='ocrx_word' id='word_1_132' title='bbox 757 1563 803 1632; x_wconf 84' lang='grc' dir='ltr'>καὶ</span> <span class='ocrx_word' id='word_1_133' title='bbox 817 1563 965 1639; x_wconf 79' lang='grc' dir='ltr'>ἑκαστέρω·</span> 
     </span>
     <span class='ocr_line' id='line_1_19' title="bbox 166 1649 964 1732; baseline -0.003 -21"><span class='ocrx_word' id='word_1_134' title='bbox 166 1655 222 1712; x_wconf 74' lang='grc' dir='ltr'>τῶν</span> <span class='ocrx_word' id='word_1_135' title='bbox 242 1653 310 1729; x_wconf 89' lang='grc' dir='ltr'>μίαν</span> <span class='ocrx_word' id='word_1_136' title='bbox 331 1651 449 1732; x_wconf 86' lang='grc' dir='ltr'>σχόντες</span> <span class='ocrx_word' id='word_1_137' title='bbox 470 1652 575 1711; x_wconf 86' lang='grc' dir='ltr'>πλέοσι</span> <span class='ocrx_word' id='word_1_138' title='bbox 599 1650 721 1728; x_wconf 76' lang='grc' dir='ltr'>ἐσόμεθα</span> <span class='ocrx_word' id='word_1_139' title='bbox 745 1649 964 1728; x_wconf 86' lang='grc' dir='ltr'>θωμαστότεροι·</span> 
     </span>
     <span class='ocr_line' id='line_1_20' title="bbox 168 1738 966 1820; baseline -0.003 -22"><span class='ocrx_word' id='word_1_140' title='bbox 168 1739 243 1804; x_wconf 83' lang='grc' dir='ltr'>οἰκδς</span> <span class='ocrx_word' id='word_1_141' title='bbox 255 1739 285 1800; x_wconf 80' lang='grc' dir='ltr'>δὲ</span> <span class='ocrx_word' id='word_1_142' title='bbox 298 1738 435 1820; x_wconf 86' lang='grc' dir='ltr'>ι’ίρχοντας</span> <span class='ocrx_word' id='word_1_143' title='bbox 451 1739 551 1817; x_wconf 78' lang='grc' dir='ltr'>ἄνδρας</span> <span class='ocrx_word' id='word_1_144' title='bbox 568 1742 683 1800; x_wconf 81' lang='grc' dir='ltr'>τοιαῦτα</span> <span class='ocrx_word' id='word_1_145' title='bbox 700 1739 812 1800; x_wconf 88' lang='grc' dir='ltr'>ποιέειν·</span> <span class='ocrx_word' id='word_1_146' title='bbox 834 1738 897 1798; x_wconf 88' lang='grc' dir='ltr'>κότε</span> <span class='ocrx_word' id='word_1_147' title='bbox 910 1738 966 1819; x_wconf 87' lang='grc' dir='ltr'>γοὶρ</span> 
     </span>
     <span class='ocr_line' id='line_1_21' title="bbox 167 1824 965 1906; baseline 0 -21"><span class='ocrx_word' id='word_1_148' title='bbox 167 1825 202 1902; x_wconf 65' lang='grc' dir='ltr'>δή</span> <span class='ocrx_word' id='word_1_149' title='bbox 216 1828 262 1886; x_wconf 87' lang='grc' dir='ltr'>καὶ</span> <span class='ocrx_word' id='word_1_150' title='bbox 274 1827 388 1904; x_wconf 85' lang='grc' dir='ltr'>παρέξει</span> <span class='ocrx_word' id='word_1_151' title='bbox 402 1826 528 1896; x_wconf 80' lang='grc' dir='ltr'>κάλλιον,</span> <span class='ocrx_word' id='word_1_152' title='bbox 542 1824 561 1900; x_wconf 84' lang='grc' dir='ltr'>ἢ</span> <span class='ocrx_word' id='word_1_153' title='bbox 574 1825 620 1885; x_wconf 83' lang='grc' dir='ltr'>ὅτε</span> <span class='ocrx_word' id='word_1_154' title='bbox 632 1851 666 1906; x_wconf 86' lang='grc' dir='ltr'>γε</span> <span class='ocrx_word' id='word_1_155' title='bbox 682 1825 832 1902; x_wconf 76' lang='grc' dir='ltr'>ἀνθρώπων</span> <span class='ocrx_word' id='word_1_156' title='bbox 847 1851 878 1885; x_wconf 94' lang='grc' dir='ltr'>τε</span> <span class='ocrx_word' id='word_1_157' title='bbox 896 1829 965 1885; x_wconf 90' lang='grc' dir='ltr'>πολ·</span> 
     </span>
     <span class='ocr_line' id='line_1_22' title="bbox 167 1911 967 1992; baseline -0.001 -20"><span class='ocrx_word' id='word_1_158' title='bbox 167 1915 226 1972; x_wconf 78' lang='grc' dir='ltr'>λῶν</span> <span class='ocrx_word' id='word_1_159' title='bbox 238 1913 362 1992; x_wconf 77' lang='grc' dir='ltr'>ἄρχομεν</span> <span class='ocrx_word' id='word_1_160' title='bbox 374 1913 468 1988; x_wconf 87' lang='grc' dir='ltr'>πάσης</span> <span class='ocrx_word' id='word_1_161' title='bbox 480 1939 511 1972; x_wconf 89' lang='grc' dir='ltr'>τε</span> <span class='ocrx_word' id='word_1_162' title='bbox 523 1917 575 1988; x_wconf 82' lang='grc' dir='ltr'>τῆς</span> <span class='ocrx_word' id='word_1_163' title='bbox 586 1912 686 1988; x_wconf 85' lang='grc' dir='ltr'>Ἀσίης</span> <span class='ocrx_word' id='word_1_164' title='bbox 695 1911 718 1981; x_wconf 80' lang='lat'>;”</span> <span class='ocrx_word' id='word_1_165' title='bbox 737 1912 830 1989; x_wconf 87' lang='grc' dir='ltr'>Κύρος</span> <span class='ocrx_word' id='word_1_166' title='bbox 840 1912 869 1971; x_wconf 80' lang='grc' dir='ltr'>δὲ</span> <span class='ocrx_word' id='word_1_167' title='bbox 879 1917 967 1972; x_wconf 77' lang='grc' dir='ltr'>ταῦτα</span> 
     </span>
     <span class='ocr_line' id='line_1_23' title="bbox 168 1997 968 2080; baseline 0.003 -22"><span class='ocrx_word' id='word_1_168' title='bbox 168 1997 299 2070; x_wconf 85' lang='grc' dir='ltr'>ἀκούσας,</span> <span class='ocrx_word' id='word_1_169' title='bbox 313 2001 359 2058; x_wconf 89' lang='grc' dir='ltr'>καὶ</span> <span class='ocrx_word' id='word_1_170' title='bbox 373 1999 405 2059; x_wconf 81' lang='grc' dir='ltr'>οὖ</span> <span class='ocrx_word' id='word_1_171' title='bbox 419 1999 553 2076; x_wconf 81' lang='grc' dir='ltr'>θωμάσας</span> <span class='ocrx_word' id='word_1_172' title='bbox 565 1999 615 2060; x_wconf 79' lang='grc' dir='ltr'>τόν</span> <span class='ocrx_word' id='word_1_173' title='bbox 628 1999 723 2080; x_wconf 87' lang='grc' dir='ltr'>λόγον,</span> <span class='ocrx_word' id='word_1_174' title='bbox 739 2000 846 2060; x_wconf 80' lang='grc' dir='ltr'>ἐκέλευε</span> <span class='ocrx_word' id='word_1_175' title='bbox 864 2000 968 2060; x_wconf 88' lang='grc' dir='ltr'>ποιέειν</span> 
     </span>
     <span class='ocr_line' id='line_1_24' title="bbox 167 2085 964 2164; baseline -0.001 -18"><span class='ocrx_word' id='word_1_176' title='bbox 167 2090 264 2147; x_wconf 80' lang='grc' dir='ltr'>ταῦτα·</span> <span class='ocrx_word' id='word_1_177' title='bbox 292 2087 362 2148; x_wconf 74' lang='grc' dir='ltr'>οὕτω</span> <span class='ocrx_word' id='word_1_178' title='bbox 384 2087 415 2146; x_wconf 75' lang='grc' dir='ltr'>δὲ</span> <span class='ocrx_word' id='word_1_179' title='bbox 440 2085 551 2146; x_wconf 80' lang='grc' dir='ltr'>αύτοῖσι</span> <span class='ocrx_word' id='word_1_180' title='bbox 573 2087 712 2163; x_wconf 89' lang='grc' dir='ltr'>παραίνεε,</span> <span class='ocrx_word' id='word_1_181' title='bbox 735 2085 852 2146; x_wconf 86' lang='grc' dir='ltr'>κελεύων</span> <span class='ocrx_word' id='word_1_182' title='bbox 878 2112 964 2164; x_wconf 89' lang='grc' dir='ltr'>παρα-</span> 
     </span>
     <span class='ocr_line' id='line_1_25' title="bbox 168 2171 966 2251; baseline 0 -17"><span class='ocrx_word' id='word_1_183' title='bbox 168 2173 354 2246; x_wconf 81' lang='grc' dir='ltr'>σκευάζεσθαι</span> <span class='ocrx_word' id='word_1_184' title='bbox 382 2175 416 2238; x_wconf 80' lang='grc' dir='ltr'>ιύς</span> <span class='ocrx_word' id='word_1_185' title='bbox 437 2173 527 2234; x_wconf 77' lang='grc' dir='ltr'>οὐκέτι</span> <span class='ocrx_word' id='word_1_186' title='bbox 547 2171 681 2251; x_wconf 82' lang='grc' dir='ltr'>άρξοντας</span> <span class='ocrx_word' id='word_1_187' title='bbox 704 2172 770 2233; x_wconf 84' lang='grc' dir='ltr'>ἀλλ’</span> <span class='ocrx_word' id='word_1_188' title='bbox 791 2172 966 2251; x_wconf 70' lang='grc' dir='ltr'>ἀρξομένους·</span> 
     </span>
     <span class='ocr_line' id='line_1_26' title="bbox 168 2260 967 2344; baseline -0.001 -22"><span class='ocrx_word' id='word_1_189' title='bbox 168 2263 278 2338; x_wconf 81' lang='grc' dir='ltr'>φιλέειν</span> <span class='ocrx_word' id='word_1_190' title='bbox 290 2262 345 2344; x_wconf 78' lang='grc' dir='ltr'>γάρ</span> <span class='ocrx_word' id='word_1_191' title='bbox 358 2267 388 2322; x_wconf 82' lang='grc' dir='ltr'>ἐκ</span> <span class='ocrx_word' id='word_1_192' title='bbox 400 2266 455 2323; x_wconf 81' lang='grc' dir='ltr'>τῶν</span> <span class='ocrx_word' id='word_1_193' title='bbox 464 2265 598 2340; x_wconf 78' lang='grc' dir='ltr'>μαλακῶν</span> <span class='ocrx_word' id='word_1_194' title='bbox 608 2261 705 2342; x_wconf 77' lang='grc' dir='ltr'>χοίρων</span> <span class='ocrx_word' id='word_1_195' title='bbox 713 2261 857 2339; x_wconf 76' lang='grc' dir='ltr'>μαλακούς</span> <span class='ocrx_word' id='word_1_196' title='bbox 866 2260 967 2340; x_wconf 79' lang='grc' dir='ltr'>ἄνδρας</span> 
     </span>
     <span class='ocr_line' id='line_1_27' title="bbox 168 2349 966 2432; baseline 0 -23"><span class='ocrx_word' id='word_1_197' title='bbox 168 2351 305 2431; x_wconf 88' lang='grc' dir='ltr'>γίνεσθαι·</span> <span class='ocrx_word' id='word_1_198' title='bbox 328 2350 360 2412; x_wconf 83' lang='grc' dir='ltr'>ού</span> <span class='ocrx_word' id='word_1_199' title='bbox 372 2351 428 2432; x_wconf 89' lang='grc' dir='ltr'>γάρ</span> <span class='ocrx_word' id='word_1_200' title='bbox 441 2377 485 2411; x_wconf 92' lang='grc' dir='ltr'>τοι</span> <span class='ocrx_word' id='word_1_201' title='bbox 498 2355 548 2426; x_wconf 87' lang='grc' dir='ltr'>τῆς</span> <span class='ocrx_word' id='word_1_202' title='bbox 561 2350 647 2426; x_wconf 77' lang='grc' dir='ltr'>αὐτῆς</span> <span class='ocrx_word' id='word_1_203' title='bbox 659 2355 712 2431; x_wconf 72' lang='grc' dir='ltr'>γῆς</span> <span class='ocrx_word' id='word_1_204' title='bbox 728 2349 797 2409; x_wconf 81' lang='grc' dir='ltr'>εἶναι</span> <span class='ocrx_word' id='word_1_205' title='bbox 813 2350 920 2428; x_wconf 89' lang='grc' dir='ltr'>καρπόν</span> <span class='ocrx_word' id='word_1_206' title='bbox 935 2376 966 2411; x_wconf 89' lang='grc' dir='ltr'>τε</span> 
     </span>
     <span class='ocr_line' id='line_1_28' title="bbox 169 2436 966 2519; baseline 0 -21"><span class='ocrx_word' id='word_1_207' title='bbox 169 2438 319 2515; x_wconf 74' lang='grc' dir='ltr'>θωμαστὸν</span> <span class='ocrx_word' id='word_1_208' title='bbox 340 2438 421 2516; x_wconf 88' lang='grc' dir='ltr'>φύειν</span> <span class='ocrx_word' id='word_1_209' title='bbox 444 2438 490 2498; x_wconf 84' lang='grc' dir='ltr'>καὶ</span> <span class='ocrx_word' id='word_1_210' title='bbox 511 2437 610 2514; x_wconf 79' lang='grc' dir='ltr'>ἄνδρας</span> <span class='ocrx_word' id='word_1_211' title='bbox 634 2437 755 2519; x_wconf 78' lang='grc' dir='ltr'>ἀγαθούς</span> <span class='ocrx_word' id='word_1_212' title='bbox 777 2436 813 2498; x_wconf 84' lang='grc' dir='ltr'>τά</span> <span class='ocrx_word' id='word_1_213' title='bbox 833 2438 966 2516; x_wconf 89' lang='grc' dir='ltr'>πολέμια·</span> 
     </span>
     <span class='ocr_line' id='line_1_29' title="bbox 169 2522 967 2607; baseline 0 -21"><span class='ocrx_word' id='word_1_214' title='bbox 169 2524 242 2586; x_wconf 78' lang='grc' dir='ltr'>ὥστε</span> <span class='ocrx_word' id='word_1_215' title='bbox 255 2525 422 2607; x_wconf 83' lang='grc' dir='ltr'>συγγνόντες</span> <span class='ocrx_word' id='word_1_216' title='bbox 435 2527 548 2604; x_wconf 87' lang='grc' dir='ltr'>Πέρσαι</span> <span class='ocrx_word' id='word_1_217' title='bbox 560 2525 671 2605; x_wconf 80' lang='grc' dir='ltr'>οἴχοντο</span> <span class='ocrx_word' id='word_1_218' title='bbox 683 2522 865 2595; x_wconf 86' lang='grc' dir='ltr'>ἀποστάντες,</span> <span class='ocrx_word' id='word_1_219' title='bbox 879 2529 967 2586; x_wconf 79' lang='grc' dir='ltr'>ἕσσω-</span> 
     </span>
     <span class='ocr_line' id='line_1_30' title="bbox 170 2607 967 2695; baseline 0.001 -24"><span class='ocrx_word' id='word_1_220' title='bbox 170 2607 261 2676; x_wconf 88' lang='grc' dir='ltr'>θέντεςΙ</span> <span class='ocrx_word' id='word_1_221' title='bbox 283 2617 319 2692; x_wconf 73' lang='grc' dir='ltr'>τῇ</span> <span class='ocrx_word' id='word_1_222' title='bbox 345 2613 441 2695; x_wconf 80' lang='grc' dir='ltr'>γνῶμη</span> <span class='ocrx_word' id='word_1_223' title='bbox 464 2613 536 2691; x_wconf 82' lang='grc' dir='ltr'>πρδς</span> <span class='ocrx_word' id='word_1_224' title='bbox 557 2613 662 2689; x_wconf 85' lang='grc' dir='ltr'>Κύρου·</span> <span class='ocrx_word' id='word_1_225' title='bbox 689 2610 786 2693; x_wconf 78' lang='grc' dir='ltr'>ἄρχειν</span> <span class='ocrx_word' id='word_1_226' title='bbox 804 2639 836 2672; x_wconf 90' lang='grc' dir='ltr'>τε</span> <span class='ocrx_word' id='word_1_227' title='bbox 856 2613 967 2674; x_wconf 80' lang='grc' dir='ltr'>εἴλοντο</span> 
     </span>
     <span class='ocr_line' id='line_1_31' title="bbox 168 2698 1013 2779; baseline 0.004 -22"><span class='ocrx_word' id='word_1_228' title='bbox 168 2699 280 2776; x_wconf 73' lang='grc' dir='ltr'>λυπρῆν</span> <span class='ocrx_word' id='word_1_229' title='bbox 297 2702 431 2764; x_wconf 86' lang='grc' dir='ltr'>οἰκέοντες</span> <span class='ocrx_word' id='word_1_230' title='bbox 448 2704 570 2779; x_wconf 77' lang='grc' dir='ltr'>μᾶλλον,</span> <span class='ocrx_word' id='word_1_231' title='bbox 583 2698 601 2778; x_wconf 81' lang='grc' dir='ltr'>ἢ</span> <span class='ocrx_word' id='word_1_232' title='bbox 614 2701 730 2764; x_wconf 81' lang='grc' dir='ltr'>πεδιάδα</span> <span class='ocrx_word' id='word_1_233' title='bbox 742 2701 904 2778; x_wconf 82' lang='grc' dir='ltr'>σπείροντες</span> <span class='ocrx_word' id='word_1_234' title='bbox 916 2700 967 2760; x_wconf 82' lang='grc' dir='ltr'>άλ-</span> <span class='ocrx_word' id='word_1_235' title='bbox 1002 2713 1013 2740; x_wconf 83' lang='grc'>“·</span> 
     </span>
     <span class='ocr_line' id='line_1_32' title="bbox 169 2786 411 2848; baseline 0.008 -2"><span class='ocrx_word' id='word_1_236' title='bbox 169 2791 249 2846; x_wconf 91' lang='grc' dir='ltr'>λοισι</span> <span class='ocrx_word' id='word_1_237' title='bbox 262 2786 411 2848; x_wconf 87' lang='grc' dir='ltr'>δουλεύειν.</span> 
     </span>
    </p>
   </div>
   <div class='ocr_carea' id='block_1_4' title="bbox 328 2930 848 3048">
    <p class='ocr_par' dir='ltr' id='par_1_5' title="bbox 328 2930 848 3048">
     <span class='ocr_line' id='line_1_33' title="bbox 328 2930 848 3048; baseline 0 0"><span class='ocrx_word' id='word_1_238' title='bbox 328 2930 509 3048; x_wconf 55' lang='grc' dir='ltr'><strong>,ΗΡΟΔΟἝΟΤ</strong></span> <span class='ocrx_word' id='word_1_239' title='bbox 528 2997 695 3048; x_wconf 70' lang='grc' dir='ltr'><strong>ἸΣΤΟΡΙΩΝ</strong></span> <span class='ocrx_word' id='word_1_240' title='bbox 716 2997 848 3048; x_wconf 63' lang='lat' dir='ltr'>’amm</span> 
     </span>
    </p>
   </div>
   <div class='ocr_carea' id='block_1_5' title="bbox 0 0 1126 3424">
    <p class='ocr_par' dir='ltr' id='par_1_6' title="bbox 0 0 1126 3424">
     <span class='ocr_line' id='line_1_34' title="bbox 0 0 1126 3424; baseline 0 0"><span class='ocrx_word' id='word_1_241' title='bbox 0 0 1126 3424; x_wconf 95' lang='lat' dir='ltr'> </span> 
     </span>
    </p>
   </div>
  </div>
 </body>
</html>
