2280 3432
185 86 294 151 ιιι-ιι]
503 83 656 134 οιτιιιιι.
934 81 982 138 2⁵7

185 167 235 227 τόν
247 191 278 226 τε
291 163 382 230 ἀλλον
393 163 485 225 πάντα
501 163 552 224 τόν
568 164 632 241 περὶ
647 167 697 238 τῆς
712 161 867 242 ναυμαχίης
882 162 983 239 ταύτης

187 253 330 330 εἰρημένον
343 250 442 311 Βάκιδι
458 253 504 311 καὶ
521 252 667 330 Μουσαίῳ,
686 250 732 308 καὶ
775 250 782 270 ⁸
799 251 845 308 καὶ
865 249 934 310 κατά
947 251 984 310 τά

186 340 303 422 ναυήγια
325 339 361 401 τά
380 340 466 418 ταύτῃ
487 339 673 418 ἐξενειχθέντα
691 338 725 398 τὸ
747 339 888 416 εἰρημένον
914 343 984 397 πολ-

185 432 265 489 λοῖσι
276 430 350 489 ἔτεσι
362 427 498 506 πρότερον
510 426 614 488 τούτων
627 432 656 486 έν
668 430 788 506 χρησμῷ
798 425 984 505 Λυσιστράτῳ

187 517 330 596 Ἀθηναίῳ,
351 516 431 594 ἀνδρὶ
449 515 649 596 χρησμολόγῳ,
669 513 702 575 τό
724 512 856 590 ἐλελήθεε
878 513 985 577 πάντας

185 603 410 680 τοθςἛλληνας·

300 701 425 750 Κωλιάδες
442 701 467 749 δὲ
483 701 592 762 γυναῖκες
609 701 728 763 ἐρετμοῖσι
745 701 866 763 φρύξουσι.

185 779 269 840 τοῦτο
282 778 312 837 δὲ
325 779 427 854 ἔμελλε
440 777 634 840 ἀπελάσαντος
646 779 786 854 βασιλέος
799 778 924 838 ἔσεσθαι.

227 865 332 943 Ξέρξης
348 865 378 924 δὲ
395 864 431 928 ἀς
449 865 534 941 ἔμαθε
551 864 584 923 τό
597 863 712 944 γεγονός
725 863 822 934 πόθος,
837 865 931 928 δείσας
943 866 1030 942 μήθῗ

186 979 228 1017 τις
253 958 308 1013 τῶν
330 951 428 1013 Ἰιόνων
451 951 590 1027 ύποθῆται
610 954 686 1010 τοῖσι
704 949 840 1026 Ἕλλησι,
864 949 883 1026 ἢ
906 951 985 1012 αι’ντοὶ

187 1041 321 1116 νοήσωσι,
334 1040 431 1100 πλέειν
449 1045 476 1103 ἐς
488 1039 538 1100 τόν
550 1038 766 1114 Ἑλλήσποντον
783 1039 918 1100 λύσοντες
935 1038 984 1102 τάς

186 1128 318 1210 γεφύρας,
333 1129 380 1188 καὶ
393 1127 590 1204 ἀπολαμφθεὶς
603 1132 633 1187 ἔν
645 1131 681 1205 τῇ
693 1125 813 1205 Εύριόπῃ
827 1125 986 1186 ἀπολέσθαι

188 1217 362 1287 κινδυνεύσει,
377 1216 504 1294 δρησμάν
520 1215 662 1292 ε’βούλευε·
685 1215 773 1274 θέλων
790 1214 819 1273 δὲ
836 1213 876 1290 μή
893 1214 985 1290 ε’πίδη-

186 1307 238 1367 λος
254 1305 323 1364 εἶναι
340 1304 411 1382 μήτε
428 1308 505 1364 τοῖσι
513 1302 640 1380 Ἕλλησι
657 1301 729 1380 μήτε
745 1306 821 1361 τοῖσι
835 1305 942 1370 ἑωυτοῦ,
958 1307 986 1365 ε’ς

186 1391 238 1468 τήν
257 1395 404 1471 Σαλαμῖνα
422 1397 504 1473 χῶμα
525 1396 653 1469 ε’πειρᾶτο
673 1391 796 1470 διαχοῦν·
819 1388 940 1471 γαυλούς
954 1415 986 1449 τε

187 1481 357 1558 Φοινικηίους
378 1482 497 1552 συνέδεε,
521 1481 564 1540 ἵνα
586 1479 649 1540 ἀντί
667 1505 698 1539 τε
719 1478 832 1558 σχεδίης
856 1479 921 1537 ἔωσι
939 1476 985 1536 καὶ

186 1569 302 1648 τείχεος·
328 1568 441 1648 ἀρτέετό
457 1594 488 1629 τε
504 1573 531 1632 ές
551 1568 684 1646 πόλεμον,
706 1567 741 1632 ὦς
760 1568 915 1647 ναυμαχίην
935 1563 984 1625 ἅλ-

186 1658 241 1732 λην
256 1658 452 1736 ποιησόμενος.
480 1656 605 1734 ὁρέοντες
624 1657 655 1716 δέ
671 1682 720 1733 μιν
738 1654 839 1720 πάντες
857 1657 883 1715 οἶ
899 1653 985 1714 ἄλλοι

186 1748 275 1804 ταῦτα
294 1745 470 1822 πρήσσοντα,
485 1743 515 1804 εὖ
532 1746 680 1805 ἐπιστέατο
699 1743 734 1806 ὥς
752 1749 781 1803 ἔκ
798 1742 901 1806 παντός
919 1741 985 1802 νόου

187 1834 415 1908 παρεσκεύασται
441 1834 530 1910 μένων
558 1831 741 1908 πολεμήσειν·
775 1830 935 1908 Μαρδόνιον
961 1829 985 1888 δ’

188 1918 266 1977 οὐδὲν
282 1919 385 1978 τούτων
401 1919 542 1988 ἐλάνθανε,
557 1918 591 1980 ὥς
607 1918 735 1992 μάλιστα
755 1919 885 1993 ἔμπειρον
905 1915 985 1975 ε’όντα

187 2007 238 2078 τῆς
252 2005 354 2063 ε’κείνου
369 2005 497 2079 διανοίης.

228 2090 322 2150 Ταΰτά
347 2118 378 2151 τε
405 2089 463 2168 ἅμα
489 2091 594 2168 Ξέρξης
621 2091 718 2163 ε’ποίεε,
747 2092 792 2149 καὶ
824 2092 929 2166 ἔπεμπε
959 2093 1033 2154 ἔς98

188 2181 304 2257 Πέρσας
321 2179 493 2261 ἀγγελέοντα
508 2177 559 2254 τήν
576 2176 737 2256 παρεοῦσάν
753 2184 809 2254 σφι
825 2175 999 2254 συμφορήν.Ι

187 2268 290 2329 τούτων
317 2268 346 2328 δὲ
372 2273 426 2329 τῶν
453 2266 581 2349 ἀγγέλων
602 2268 663 2327 ἔστι
685 2264 763 2326 οὐδὲν
786 2265 803 2326 ὅ
825 2292 853 2326 τι
875 2264 986 2326 θάσσον

187 2356 368 2440 παραγίνεται
386 2355 486 2433 θνητόν
504 2355 558 2416 ε’όν·
581 2354 652 2416 οὕτω
668 2357 744 2414 τοῖσι
762 2355 896 2433 Πέρσῃσι
914 2353 986 2424 ε’ξεύ·

187 2473 269 2523 ρηται
287 2451 381 2507 τοῦτο.
422 2446 540 2526 λέγουσι
555 2443 617 2525 γὰρ,
637 2442 672 2506 ὦς
688 2441 762 2502 ὅσων
778 2441 812 2503 ἂν
829 2441 848 2522 ᾖ
863 2441 986 2520 ἡμερέων

188 2532 207 2607 ἡ
220 2539 301 2593 πᾶσα
313 2534 385 2604 ὁδός,
399 2537 531 2594 τοσοῦτοι
545 2533 625 2591 ἵπποι
637 2557 669 2591 τε
682 2530 728 2590 καὶ
741 2529 836 2608 ἅνδρες
849 2530 985 2600 διεστᾶσι,

189 2620 259 2679 κατὰ
278 2621 435 2699 ἡμερησίην
458 2621 523 2681 όδὸν
546 2619 666 2696 έκόστην
688 2619 772 2682 ἵππος
792 2645 823 2678 τε
847 2619 892 2678 καὶ
916 2617 985 2694 ἀνήρ

188 2710 364 2789 τεταγμένος·
397 2709 462 2772 τούς
488 2707 551 2769 ούτε
577 2707 697 2784 νιφετός,
726 2705 775 2766 ούκ
807 2704 923 2784 ὄμβρος,
954 2705 986 2765 ού

190 2799 290 2872 καῦμα,
310 2796 342 2856 ού
362 2797 413 2866 νύξ
432 2797 519 2878 ε’έργει
534 2795 574 2872 μή
591 2795 623 2854 ού
641 2794 794 2856 κατανύσαι
811 2793 860 2853 τάν
876 2792 986 2869 προκεί-

189 2909 273 2960 μενον
287 2887 376 2963 ἑωυτῷ
388 2882 491 2960 δρόμον
499 2883 551 2959 τήν
560 2883 707 2962 ταχίστην.
737 2880 753 2941 ό
766 2883 818 2958 μὲν
831 2880 865 2956 δή
878 2884 986 2957 πρῶτος

190 2971 300 3048 δραμῶν
317 2971 466 3050 παραδιδοῖ
479 2969 515 3030 τά
534 2971 719 3046 ἐντεταλμένα
736 2973 774 3047 τῷ
792 2968 914 3046 δευτέρῳ,
928 2966 987 3026 ὅδὲ

190 3060 314 3138 δεύτερος
331 3064 369 3140 τῷ
384 3059 476 3138 τρίτῳ·
497 3057 530 3118 τό
548 3058 578 3116 δὲ
597 3058 720 3116 ἐνθεῦτεν
736 3055 789 3132 ἤδη
807 3053 877 3114 κατά
896 3052 988 3114 ἄλλον

190 3148 358 3230 διεξέρχεται
373 3146 588 3226 παραδιδόμενα,
603 3144 725 3222 κατάπερ
733 3143 861 3220 Ἕλλησι
878 3141 897 3220 ή
914 3146 987 3220 λαμ-

190 3237 362 3319 παδηφορίη,
385 3234 437 3313 τήν
456 3237 496 3313 τῷ
512 3232 664 3310 Ἡφαίστῳ
682 3231 864 3293 ἐπιτελέουσι.
904 3234 974 3293 τοῦτι
