2280 3432
156 84 202 130 28ss
465 77 648 128 Ἦνοιουου
891 77 955 142 [ιιι.

138 158 218 230 ’τούς
249 159 425 236 δαινυμένους
451 157 574 234 Πέρσας,
602 155 648 215 καὶ
678 155 729 217 τδν
756 155 880 235 στρατόν
906 158 957 219 τόν

155 249 288 323 ἐλίπομεν
308 247 353 305 ἐπὶ
372 249 411 324 τῷ
430 249 547 323 ποταμῷ
567 243 873 322 στρατοπεδευόμενονς
894 247 957 318 τού·

153 362 208 396 των
225 333 334 395 πάντων
350 332 440 411 ὄψεαι,
456 331 555 412 ὀλίγου
575 331 649 396 τινός
666 331 769 410 χρόνου
789 332 956 410 διελθόντος,

155 422 267 502 ὀλίγους
280 421 355 485 τινάς
372 421 436 484 τούς
454 419 706 501 περιγενομένους.”
746 420 834 479 ταῦτά
849 447 880 480 τε
898 421 958 500 ἅμα

154 509 204 570 τόν
214 511 331 586 Πέρσην
344 509 446 589 λέγειν,
458 507 503 566 καὶ
516 509 638 584 μετιέναι
652 509 749 567 πολλά
759 512 814 568 τῶν
824 509 958 587 δακρύων·

156 596 237 660 αύτὸς
264 597 293 655 δὲ
317 595 450 673 θωμάσας
472 595 522 656 τόν
545 595 641 677 λόγον,
665 599 751 656 εἰπεῖν
772 596 841 674 πρὸς
862 595 957 659 αὐτόν·

156 685 269 744 “ούκῶν
286 684 435 763 Μαρδονίῳ
452 711 483 744 τε
503 688 591 744 ταῦτα
610 683 694 763 χρεόν
711 689 772 744 ἔστι
790 685 890 766 λέγειν,
911 687 959 745 καὶ

154 777 230 834 τοῖσι
246 771 305 850 μετ’
320 776 422 832 ἐκεῖνον
439 777 468 832 ε’ν
484 773 545 849 αἴνῃ
565 776 643 832 εὀὓσι
664 773 798 848 Περσέων
807 771 830 842 ;”
857 772 907 832 τόν
928 773 958 832 δὲ

154 860 226 938 μετά
238 865 325 920 ταῦτα
343 864 437 920 εἰπεῖν·
459 871 476 895 “
485 861 561 932 ξεῖνε,
582 858 598 920 ὅ
614 885 642 919 τι
658 860 700 919 δεῖ
716 860 847 940 γενέσθαι
864 865 894 919 ἐκ
907 859 958 920 τοῦ

157 949 220 1008 θεοῦ
254 949 399 1029 άμῆχανον
433 947 589 1026 ἀποτρέψαι
623 947 766 1026 άνθριύπῳ·
808 947 870 1007 ούδὲ
902 947 959 1028 γάρ

156 1037 245 1097 πιστά
267 1037 385 1119 λέγουσι
408 1037 497 1128 &a
519 1035 666 1126 πείθεσθαι
688 1036 783 1099 οὐδείς·
817 1039 905 1096 ταῦτα
928 1036 958 1096 δὲ

156 1125 289 1202 Περσέων
319 1125 419 1204 συχνοὶ
452 1123 630 1200 ἐπιστάμενοι
665 1121 789 1199 ἑπόμεθα
822 1122 958 1204 ἀναγκαίῃ

158 1213 333 1289 ἐνδεδεμένοι·
355 1213 472 1291 ἐχθίστη
494 1212 522 1270 δὲ
545 1210 626 1288 ὀδύνη
648 1211 709 1270 ἐστὶ
730 1215 785 1272 τῶν
806 1216 834 1270 ε’ν
855 1209 959 1289 άνθριί·

157 1326 238 1360 ποισι
262 1299 339 1377 αὕτη,
363 1299 459 1360 πολλά
488 1300 640 1376 φρονέοντα
666 1300 783 1377 μηδενός
810 1301 960 1376 κρατέειν.”

156 1393 244 1448 ταῦτα
256 1392 308 1466 μὲν
320 1392 370 1448 τοῦ
390 1386 573 1466 Ὀρχομενίου
589 1387 768 1464 Θερσάνδρου
788 1387 896 1464 ἤκουον,
912 1389 959 1448 καὶ

156 1476 222 1537 τάδε
244 1477 313 1554 πρός
339 1474 474 1546 τούτοισι,
496 1475 531 1539 ὦς
551 1473 632 1538 αύτός
653 1475 751 1536 αύτίκα
771 1477 851 1556 λέγοι
870 1481 960 1538 ταῦτα

157 1563 227 1640 πρός
240 1563 399 1640 ἀνθρώπους
416 1562 551 1641 πρότερον
566 1560 585 1638 ἢ
602 1564 735 1644 γενέσθαι
751 1568 780 1624 ἐν
793 1569 959 1643 Πλαταιῇσι

157 1651 208 1726 τὴν
220 1651 324 1728 νάκην·

111 1741 150 1801 17
199 1737 359 1815 Μαρδονίου
375 1737 404 1797 δὲ
423 1742 452 1798 ἔν
467 1742 502 1818 τῆ
520 1738 639 1819 Βοιωτίη
658 1740 958 1818 στρατοπεδευομένου,

158 1827 185 1899 οἶ
210 1828 262 1902 μὲν
289 1824 374 1885 ἄλλοι
400 1827 566 1906 παρείχοντο
594 1825 714 1892 ἅπαντες
741 1827 884 1905 στρατιῆν,
913 1830 959 1888 καὶ

129 1977 131 1982 ,
158 1915 355 1991 συνεσέβαλον
369 1919 396 1978 ές
408 1913 528 1991 Ἀθήνας
541 1914 658 1992 ὅσοιπερ
673 1915 801 1992 ἐμήδιζον
814 1915 960 1992 Ἑλλήνων

158 2006 213 2062 τῶν
230 2001 317 2081 ταύτῃ
336 2005 494 2080 οἰκημένων·
515 2007 615 2079 μοῦνοι
633 2003 662 2062 δὲ
678 2005 784 2068 Φωκέες
798 2003 830 2064 ού
844 2005 958 2066 συνεσέ-

157 2091 262 2166 βαλον·
294 2089 421 2168 ἐμήδιζον
447 2089 502 2171 γάρ
530 2090 563 2166 δῆ
587 2091 702 2169 σφόδρα
727 2091 773 2150 καὶ
799 2091 883 2162 οὗτοι,
909 2091 960 2152 ούκ

161 2177 267 2242 ἑκόντες
282 2177 347 2238 ἀλλ’
360 2175 405 2236 ὑπ’
420 2177 579 2259 άναγκαίης·
601 2180 723 2258 ἡμέρῃσι
737 2180 766 2239 δὲ
781 2178 814 2239 ου’
830 2183 960 2259 πολλῇσι

158 2265 229 2343 μετά
241 2265 293 2341 τῆν
306 2264 400 2335 άπιξιν
412 2266 463 2341 τῆν
474 2271 501 2329 ές
515 2265 615 2342 Θήβας
624 2266 751 2344 ὕστερον,
765 2266 855 2342 ἦλθον
868 2266 960 2328 αύτιῖιν

158 2351 273 2412 ὁπλῖται
287 2353 384 2430 χίλιοι·
405 2351 457 2432 ῆγε
474 2353 503 2412 δὲ
522 2353 621 2418 αύτούς
633 2353 807 2432 Ἀρμοκύδης
822 2353 891 2432 οἷνῆρ
904 2359 960 2415 τῶν

159 2439 253 2500 άστῶν
274 2439 471 2516 δοκιμώτατος·
499 2442 557 2500 ε’πεὶ
576 2442 606 2501 δὲ
627 2441 746 2503 άπίκατο
767 2442 814 2502 καὶ
835 2440 912 2501 οὗτοι
933 2447 961 2505 ές

159 2527 266 2603 Θήβας,
279 2528 392 2606 πέμψας
406 2527 422 2589 ὁ
436 2528 594 2608 Μαρδόνιος
608 2531 715 2601 ἱππέας,
727 2531 859 2590 ἐκέλευσέ
868 2535 960 2606 σφεας

159 2613 201 2674 ἐπ’
222 2618 327 2676 ἑωυτῶν
356 2621 385 2678 έν
412 2622 450 2697 τῷ
477 2618 561 2696 πεδίῳ
591 2618 708 2688 ἵζεσθαι·
743 2620 803 2678 ἐπεὶ
827 2619 857 2678 δὲ
886 2616 960 2677 ε’ποί·

154 2729 232 2780 ησαν
252 2708 348 2774 ταῦτα,
371 2703 469 2765 αὐτίκα
489 2710 582 2782 παρῆν
604 2704 624 2782 ῆ
647 2707 730 2770 ἵππος
754 2705 861 2766 ἅπασα·
889 2704 961 2784 μετόὶ

159 2791 305 2863 δὲταῦτα,
326 2792 454 2867 διεξῆλθε
473 2795 525 2868 μὲν
552 2792 598 2852 διά
625 2797 675 2853 τοῦ
699 2794 890 2872 στρατοπέδου
910 2797 961 2854 τοῦ

158 2877 327 2955 Ἑλληνικοῦ
359 2883 409 2938 τοῦ
439 2877 510 2954 μετά
542 2879 646 2956 Μῆδον
677 2881 770 2945 ἐόντος
804 2882 895 2958 φήμη,
926 2880 960 2944 οἷς

162 2969 335 3026 κατακοντιεῖ
354 2966 454 3041 σφέας·
482 2965 610 3042 διεξῆλθε
631 2967 660 3027 δὲ
681 2966 714 3026 δι’
735 2967 825 3029 αύτιῖν
845 2969 961 3027 Φωκέων

159 3050 246 3112 τώυτό
264 3057 356 3114 τοῦτο·
377 3053 442 3112 ἔνθα
458 3052 492 3128 δή
511 3059 568 3130 σφι
583 3051 599 3113 ό
618 3054 775 3135 στρατηγός
787 3054 961 3132 Ἁρμοκύδης

161 3141 291 3216 παραίνεε
312 3140 403 3220 λέγων
422 3138 525 3200 τοιάδε·
552 3139 600 3199 “a'’
620 3143 734 3212 Φωκέες,
754 3143 884 3220 πρόδηλα
903 3141 960 3224 γάρ

161 3221 204 3284 ότι
224 3225 311 3300 ἡμέας
337 3225 414 3285 οὗτοι
441 3229 467 3284 οἱ
494 3225 634 3304 ἅνθρωποι
660 3229 801 3304 μέλλουσι
827 3229 961 3310 προόπτῳ
