2204 3430
163 80 194 129 ιι
469 75 652 126 ἭΡοΔουου
917 79 964 146 [ν.

163 159 289 218 ἐπείθετο
302 159 351 216 καί
361 182 410 233 μιν
423 154 506 228 ἀπίει,
529 152 719 232 ἐντειλάμενος
735 156 818 216 ἐπεὰν
831 159 867 218 τᾶ
879 156 966 222 ύπέσ-

165 246 232 326 χετό
250 250 276 306 οἱ
293 246 423 304 ἐπιτελέα
439 243 555 322 ποιήσῃ,
573 245 780 326 παραγίνεσθαί
790 249 818 306 οί
833 245 925 308 ὀπίσω
939 256 967 314 ές

163 334 199 394 τό
214 338 320 398 Σοῦσα.
630 333 634 342 ’

118 412 175 483 108
215 421 264 482 Ἐν
288 420 310 502 ᾧ
333 423 363 481 δὲ
386 420 505 502 ἀγγελίη
525 447 557 482 τε
577 421 641 498 περὶ
663 425 718 481 τῶν
742 423 867 500 Σαρδίων
889 427 967 502 παρὰ

163 511 290 588 βασιλέα
299 509 385 586 α’νήϊε,
400 509 445 568 καὶ
456 513 574 586 Δαρεῖος
586 508 622 569 τοὶ
635 509 698 586 περὶ
708 509 740 570 τὰ
750 510 833 580 τόξον
842 514 966 590 ποιήσας

162 597 285 678 Ἱστιαίῳ
306 603 334 661 ἐς
354 598 457 679 λόγους
475 596 555 673 ἦλθε,
573 599 619 656 καὶ
637 597 769 662 Ἱστιαῖος
784 603 966 679 μεμετιμένος

164 685 219 746 ύπδ
248 688 368 764 Δαρείου
396 686 536 762 ἐκομίζετο
561 686 606 744 ἐπὶ
629 685 790 747 θάλασσαν·
823 693 852 748 έν
877 691 965 770 τούτῳ

163 775 246 835 παντὶ
259 778 298 852 τῷ
309 773 401 852 χρόνῳ
415 774 520 854 ἐγίνετο
533 773 607 834 τόδε·
621 777 814 852 πολιορκέοντι
823 781 862 856 τῷ
872 779 965 841 Σαλα-

163 861 407 943 μινίῳὈνησίλῳ
425 861 631 939 Ἀμαθουσίους
653 864 861 944 ἐξαγγέλλεται,
882 868 965 942 νηυσὶ

164 951 299 1028 στρατιὴν
309 951 423 1027 πολλὴν
436 950 541 1032 ἄγοντα
551 950 696 1027 Περσικὴν
706 950 865 1029 Ἀρτύβιον,
879 953 965 1031 ἄνδρα

164 1041 288 1117 Πέρσην,
310 1040 502 1118 προσδόκιμον
524 1045 552 1103 ές
570 1039 622 1116 τήν
643 1038 760 1116 Κύπρον
777 1041 855 1100 εἶναι·
880 1043 965 1102 πυθό-

162 1154 245 1205 μενος
266 1130 295 1188 δὲ
313 1132 401 1188 ταῦτα
423 1127 439 1187 ό
460 1127 621 1203 Ὀνήσιλος,
643 1126 762 1204 κήρυκας
784 1128 917 1206 διέπεμπε
936 1135 965 1193 ε’ς

163 1216 216 1292 τήν
232 1215 338 1291 Ἰωνίην
356 1213 571 1291 ε’πικαλεύμενός
588 1221 689 1292 σφεας·
710 1214 802 1280 Ἴωνες
819 1217 849 1276 δὲ
869 1217 918 1276 ούκ
936 1223 964 1282 ἐς

162 1304 272 1381 μακρῆν
282 1303 509 1380 βουλευσόμενοι
518 1301 588 1378 ἧκον
598 1307 698 1382 πολλῷ
708 1303 813 1384 στόλῳ.
836 1303 923 1369 Ίωνές
932 1332 964 1366 τε

164 1391 197 1466 δὴ
217 1396 350 1468 παρῆσαν
372 1396 398 1453 ἐς
417 1391 470 1466 τὴν
490 1391 614 1468 Κύπρον,
636 1393 682 1450 καὶ
703 1396 729 1451 οἱ
750 1393 861 1469 Πέρσαι
881 1400 967 1473 νηυσὶ

163 1479 311 1555 διαβάντες
328 1485 357 1538 ε’κ
376 1481 426 1554 τῆς
443 1481 573 1556 Κιλικίης
589 1480 676 1570 ἤϊσαν(ι
691 1481 737 1539 ε’πὶ
749 1481 802 1557 τὴν
815 1483 967 1558 Σαλαμῖνα

162 1569 241 1646 πεζῇ·
270 1572 338 1646 τῇσι
360 1567 390 1625 δὲ
416 1569 499 1643 νηυσὶ
521 1572 547 1628 οἱ
568 1571 692 1633 Φοίνικες
718 1569 891 1646 περιέπλωον
911 1570 963 1645 τήν

116 1657 172 1715 109
183 1653 270 1732 ἅκρην
284 1655 313 1714 αἳ
326 1658 474 1715 καλεῦνται
487 1657 608 1733 Κληΐδες
624 1661 674 1732 τῆς
690 1657 815 1735 Κύπρου.
856 1656 963 1717 Τούτου

163 1743 192 1802 δὲ
199 1743 325 1804 τοιούτου
335 1745 490 1824 γινομένου,
501 1746 599 1814 ἔλεξαν
612 1749 639 1804 οί
648 1744 776 1821 τύραννοι
785 1749 836 1821 τῆς
846 1745 962 1823 Κύπρου

162 1833 389 1912 συγκαλέσαντες
401 1836 456 1892 τῶν
468 1831 566 1893 Ἰώνων
576 1833 640 1896 τοδς
649 1833 833 1914 στρατηγούς·
847 1833 962 1912 “ἅνδρες

157 1917 257 1994 Ἴωνες,
271 1923 379 2000 αἵρεσιν
391 1921 458 2000 ύμῖν
471 1921 582 2000 δίδομεν
592 1922 671 1999 ἡμεῖς
685 1926 711 1981 οἱ
725 1921 855 2000 Κύπριοι,
869 1921 962 1983 ὁκοτέ-

160 2035 237 2086 ροισι
249 2012 394 2089 βούλεσθε
407 2012 631 2090 προσφέρεσθαι,
645 2009 663 2087 ἢ
675 2012 808 2090 Πέρσῃσι
817 2009 836 2086 ἢ
846 2011 961 2080 Φοίνιξι·

162 2104 185 2159 εί
200 2103 252 2178 μὲν
268 2101 323 2182 γὰρ
339 2102 409 2178 πεζῇ
425 2100 569 2176 βούλεσθε
584 2101 733 2177 ταχθέντες
751 2099 885 2176 Περσέων
905 2099 962 2160 δια-

160 2191 320 2266 πειρᾶσθαι,
342 2189 398 2266 ὥρη
419 2187 454 2248 ἂν
475 2190 517 2264 είη
536 2189 602 2264 ύμῖν
624 2188 762 2262 ἐκβάντας
778 2193 808 2246 ἐκ
825 2191 880 2247 τῶν
894 2193 962 2252 νεῶν

160 2277 320 2337 τάσσεσθαι
338 2278 417 2354 πεζῇ,
431 2276 519 2352 ἡμέας
532 2276 562 2334 δὲ
576 2281 603 2338 ές
615 2275 665 2336 τὰς
677 2276 740 2338 νέας
757 2276 900 2350 ἐμβαίνειν
912 2279 963 2345 τὰς

159 2364 292 2442 ύμετέρας
311 2364 417 2434 Φοίνιξι
435 2363 710 2445 ἀνταγωνιευμένους·
732 2366 756 2420 εἰ
778 2361 807 2419 δὲ
828 2366 963 2430 Φοινίκων

160 2456 274 2529 μᾶλλον
288 2451 434 2529 βούλεσθε
451 2451 656 2528 διαπειρᾶσθαι,
678 2451 782 2511 ποιέειν
796 2451 880 2531 χρεόν
900 2459 963 2516 ἐστι

160 2540 252 2617 ύμέας,
268 2540 395 2621 (ὁκότερα
413 2539 447 2600 ἂν
461 2539 495 2616 δη
513 2539 618 2600 τούτων
632 2540 758 2622 ἕλησθε)
772 2539 842 2604 ὅκως
854 2541 887 2601 τδ
902 2545 961 2602 κατ’

160 2629 245 2706 ύμέας
267 2628 381 2705 έσταιῆ
401 2654 433 2688 τε
454 2628 543 2705 Ἰωνίη
564 2628 610 2687 καὶ
630 2627 647 2688 ό
668 2629 782 2707 Κύπρος
803 2629 961 2707 ε’λευθέρη.”

160 2719 240 2778 εἶπαν
255 2718 305 2801 [οἱ]
320 2717 412 2782 Ἴωνες
430 2717 501 2796 πρός
516 2722 614 2778 ταῦτα.
636 2728 653 2754 “
661 2718 748 2796 ἡμέας
761 2719 910 2798 ἀπέπεμψε
926 2719 960 2780 τό

162 2806 254 2866 κοινὸν
271 2811 325 2867 τῶν
339 2805 437 2869 Ἰώνων
451 2807 628 2885 φυλάξοντας
643 2808 695 2885 τήν
714 2809 875 2879 θάλασσαν,
894 2807 960 2866 ἀλλ’

160 2895 209 2956 ούκ
227 2897 271 2958 ἵνα
288 2898 442 2975 Κυπρίοισι
460 2898 510 2963 τδς
527 2899 590 2963 νέας
607 2897 777 2977 παραδόντες
794 2898 873 2959 αὐτοὶ
887 2897 960 2972 Πέρ-

161 3013 231 3066 σησι
241 2989 311 3068 πεζῇ
321 2989 557 3068 προσφερόμεθα.
573 2989 654 3068 ἡμεῖς
663 2990 715 3068 μέν
725 3016 773 3050 νυν
783 2987 825 3049 ἐπ’
837 2985 869 3046 οὗ
881 2985 958 3063 ε’τόχ-

159 3077 253 3155 θημεν,
269 3078 355 3159 ταύτῃ
372 3079 565 3158 πειρησόμεθα
582 3079 651 3139 εἶναι
668 3079 799 3158 χρηστοί.
824 3075 910 3152 ύμέας
930 3072 959 3130 δὲ

157 3166 240 3246 χρεόν
253 3167 315 3229 ε’στι
329 3168 556 3248 ἀναμνησθέντας
570 3169 616 3228 οἶα
629 3167 769 3246 ἐπάσχετε
783 3161 959 3224 δουλεύοντες

133 3255 167 3316 10
176 3257 246 3335 πρδς
258 3262 313 3320 τῶν
323 3258 429 3336 Μήδων
438 3259 567 3339 γίνεσθαι
582 3256 682 3334 ἄνδρας
695 3252 817 3335 ἀγαθούς
822 3249 843 3308 ·”
867 3248 958 3312 Ἴωνες
