2294 3430
154 147 262 214 ιι-ιι]
469 147 654 196 nomm.
908 149 954 196 ιιι

153 227 244 307 πάρεξ
256 229 286 288 δὲ
298 228 406 299 τούτου,
421 233 450 288 έν
463 232 498 306 τῇ
511 228 632 308 ἡμετέρῃ
653 225 858 290 καταλιπόντας
873 225 956 286 τέκνα
987 247 990 256 ’

91 315 96 322 ’
153 343 184 376 τε
206 318 251 376 καὶ
271 321 401 398 γυναῖκας
415 318 461 376 καὶ
474 315 614 396 χρήματα,
630 314 686 376 οὐδ’
700 315 881 396 ἐπιλέγεσθαι
899 314 955 393 χρή

154 405 284 482 νειότερόν
297 433 325 465 τι
338 405 475 480 ποιήσειν·
498 405 568 465 οὕτω
581 405 651 483 μηδὲ
663 409 747 464 τοῦτο
762 405 862 480 φοβέο,
878 402 955 462 ἀλλά

154 493 242 569 θυμόν
266 495 334 573 ἔχων
360 492 474 574 άγαθδν,
497 495 569 565 σῶζε
593 493 670 554 οἶκόν
691 519 722 552 τε
745 490 795 552 τόν
818 490 885 568 ε’μόν
909 492 955 550 καὶ

153 583 299 658 τυραννίδα
315 581 367 657 τὴν
386 581 463 657 ἐμήν·
485 583 534 642 σοὶ
553 581 608 662 γάρ
629 581 683 663 ε’γιδ
695 580 788 660 μούνῳ
801 585 832 639 ἐκ
844 578 954 642 πάντων

153 673 285 746 σκῆπτρα
298 669 333 729 τά
349 667 402 745 ἐμοὶ
416 669 582 746 ε’πιτράπω.”
621 747 622 750 ¹

181 761 287 816 -Ταῦτα
309 757 387 819 εἴπας
400 757 446 814 καὶ
459 755 636 834 Ἀρτάβανον
656 755 827 819 ἀποστείλας
841 759 868 818 ές
882 759 951 821 Σοῦι
962 758 1001 817 53

153 869 201 913 σα,
216 843 329 921 δεύτερα
341 844 539 921 μετεπέμψατο
553 844 658 921 Ξέρξης
671 844 805 919 Περσέων
825 843 889 905 τούς
909 844 952 902 δο-

154 931 332 1006 κιμωτάτους·
354 932 414 990 ἐπεὶ
436 931 467 990 δέ
488 935 514 990 οἱ
536 935 677 1007 παρῆσαν,
700 931 781 1010 ἔλεγέ
802 936 857 1005 σφι
878 931 953 990 τάδε·

120 1005 125 1022 ’
155 1023 173 1050 “
186 1013 337 1094 ὦΠέρσαι,
350 1017 428 1099 τῶνδ’
443 1018 497 1099 ε’γιδ
509 1017 599 1095 ύμέων
618 1017 727 1097 χρῄζων
749 1017 893 1088 συνέλεξα,
909 1016 954 1077 ἄν·

154 1104 220 1181 δρας
238 1132 269 1166 τε
286 1107 414 1188 γίνεσθαι
434 1105 563 1188 ἀγαθούς,
578 1107 624 1166 καὶ
643 1106 684 1183 μή
706 1104 900 1184 καταισχύνειν
918 1104 956 1164 τά
997 1105 1000 1112 ’

153 1194 279 1270 πρόσθεν
297 1196 457 1276 ἐργασμένα
471 1196 610 1274 Πέρσῃσι,
626 1195 707 1255 ε’όντα
726 1193 838 1275 μεγάλα
855 1219 886 1252 τε
905 1193 951 1252 καὶ

153 1287 265 1344 πολλοῦ
284 1283 357 1354 ἄξια·
379 1283 444 1342 ἀλλ’
459 1283 497 1348 εἶς
508 1310 540 1343 τε
554 1283 670 1348 ἕκαστος
684 1283 730 1342 καὶ
749 1285 775 1341 οἱ
791 1281 951 1359 σύμπαντες

111 1422 114 1426 .
153 1373 309 1448 προθυμίην
331 1373 444 1451 ἔχωμεν·
466 1371 547 1442 ξυνόν
569 1371 624 1453 γάρ
645 1375 728 1432 τοῦτο
751 1375 823 1430 πᾶσι
845 1369 952 1451 άγαθδν

153 1459 313 1520 σπεύδεται.
350 1460 434 1519 τῶνδε
448 1460 477 1519 δὲ
491 1461 580 1520 εἵνεκα
593 1458 771 1542 προαγορεύω
785 1457 953 1537 ἀντέχεσθαι

152 1551 202 1606 τοῦ
219 1550 345 1625 πολέμου
366 1549 555 1624 ἐντεταμένως·
577 1549 612 1612 ὦς
624 1548 679 1629 γάρ
694 1546 747 1630 ε’γιδ
768 1545 950 1623 πυνθάνομαι,

153 1633 195 1692 ἐπ’
213 1634 312 1712 ἄνδρας
335 1636 544 1712 στρατευόμεθα
566 1635 696 1719 άγαθούς·
720 1640 774 1696 τῶν
797 1633 831 1711 ἢν
853 1632 950 1712 κρατή-Ι

153 1747 253 1798 σωμεν,
269 1723 300 1782 οὗ
318 1722 413 1800 μήτις
426 1723 493 1799 ἡμῖν
506 1723 596 1786 ἄλλος
610 1723 730 1802 στρατός
748 1722 867 1800 ἀντιστῇ
888 1747 951 1782 κοτε

152 1807 311 1885 ἀνθρώπων.
352 1815 400 1870 νῦν
419 1810 448 1868 δὲ
470 1811 655 1888 διαβαίνωμεν
676 1809 855 1887 ἐπευξάμενοι
875 1813 952 1868 τοῖσι

153 1897 251 1968 θεοῖσι,
271 1899 317 1958 τοὶ
337 1900 466 1974 Περσίδα
485 1903 539 1978 γῆν
559 1898 744 1980 λελόγχασι.”

192 1985 302 2060 Ταύτην
322 1987 373 2062 μέν
394 1986 446 2060 την
465 1986 571 2062 ἡμέρην
589 1985 833 2062 παρασκευάζοντο
852 1990 880 2048 ές
899 1984 997 2060 τῆν54

152 2072 295 2148 διάβασιν·
316 2077 352 2150 τῇ
371 2073 400 2131 δὲ
418 2073 550 2150 ὑστεραίῃ
570 2072 700 2149 άνέμενον
720 2071 769 2133 τόν
788 2072 878 2148 ἥλιον,
893 2073 950 2132 έθέ-

151 2166 247 2222 λοντες
262 2161 369 2219 ἰδέσθαι
383 2159 543 2239 άνίσχοντα,
556 2161 716 2237 θυμιήματά
729 2187 759 2220 τε
772 2165 891 2220 παντοῖα
904 2161 950 2219 έπὶ

150 2251 205 2307 τῶν
224 2249 367 2330 γεφυρέων
381 2251 571 2329 καταγίζοντες
585 2250 631 2308 καὶ
644 2251 797 2328 μυρσίνῃσι
818 2249 948 2326 στορνύν-

151 2362 195 2399 τες
214 2335 266 2412 την
286 2337 359 2396 ὁδόν·
382 2336 416 2400 ὥς
430 2337 452 2395 δ’
467 2337 633 2396 ἐπανέτελλε
647 2338 662 2397 ὁ
676 2338 763 2414 ἥλιος,
778 2337 903 2396 σπένδων
918 2341 947 2394 έκ

150 2426 272 2502 χρυσέης
294 2424 399 2501 φιάλης
421 2425 526 2502 Ξέρξης
549 2430 575 2487 ές
598 2425 649 2500 τὴν
671 2427 830 2494 θάλασσαν,
854 2423 948 2502 εὔχετο

150 2511 220 2587 πρός
245 2512 294 2573 τόν
320 2513 409 2589 ἥλιον,
433 2513 570 2590 μηδεμίαν
597 2516 623 2572 οἱ
647 2514 798 2592 συντυχίην
818 2512 948 2588 τοιαύτην

150 2595 281 2679 γενέσθαι
299 2601 318 2676 ἦ
338 2627 386 2678 μιν
405 2600 508 2660 παύσει
529 2602 779 2679 καταστρέψασθαι
792 2600 843 2676 τήν
856 2599 948 2677 Εὖρό-

150 2713 207 2768 πῃν
225 2689 360 2766 πρότερον
373 2689 390 2766 ἢ
405 2691 450 2749 ἐπὶ
470 2690 590 2767 τέρμασι
610 2694 686 2749 τοῖσι
707 2690 809 2765 ε’κείνης
825 2690 948 2770 γένηται·

152 2774 300 2851 εὐξάμενος
321 2777 359 2847 δέ,
380 2779 504 2854 ε’σέβαλε
525 2777 577 2853 τήν
599 2777 706 2853 φιάλην
728 2783 755 2841 ές
775 2776 825 2837 τόν
845 2776 947 2852 Ἑλλή-

151 2889 275 2923 σποντον
297 2864 343 2922 καὶ
360 2866 482 2944 χρύσεον
500 2869 623 2943 κρητῆρα
642 2866 689 2924 καὶΙ
708 2864 850 2942 Περσικόν
867 2865 949 2940 ξίφος

153 2949 200 3010 ’τόν
221 2950 352 3027 α’κινάκην
374 2955 517 3012 καλέουσι.
558 2959 646 3013 ταῦτα
670 2953 719 3014 ούκ
741 2955 795 3031 έχω
816 2951 949 3028 ἀτρεκέως

151 3038 295 3116 διακρῖναι,
313 3039 376 3099 οὔτε
397 3045 420 3100 εἰ
440 3045 479 3118 τῷ
500 3041 569 3120 ἡλίῳ
591 3041 729 3104 όνατιθεὶς
748 3042 848 3112 κατῆκε
871 3043 897 3100 ἔς
915 3037 947 3096 τὸ

150 3127 282 3208 πέλαγος,
300 3126 362 3186 οὔτε
384 3132 408 3187 εἰ
427 3129 603 3205 μετεμέλησέ
621 3129 713 3188 οἰτόν
733 3124 949 3197 Ἑλλήσποντον

149 3215 364 3296 μαστιγώσαντι
377 3217 423 3274 καὶ
436 3215 497 3274 οἷντὶ
510 3215 613 3274 τούτων
625 3215 677 3290 τὴν
691 3206 841 3275 θάλασσαν
856 3211 948 3288 ἐδωρέ-

151 3327 206 3360 ετο.
248 3303 298 3362 Ὡς
321 3301 351 3358 δέ
373 3301 461 3363 ταῦτά
485 3304 512 3359 οἶ
535 3303 693 3376 ε’πεποίητο,
713 3299 854 3372 διέβαινον
878 3297 947 3358 κατά
956 3298 994 3357 55
