2280 3432
157 46 205 92 246
464 47 646 96 ἨΡΟΔΟΤΟΤ
864 49 955 112 [VIH.

157 124 204 183 καὶ
216 123 338 201 Κύπριοι
351 125 397 184 καὶ
411 126 526 196 Κίλικες
545 127 591 184 καὶ
605 126 771 204 Πάμφυλοι,
784 131 839 188 τῶν
852 127 960 206 ὄφελός

110 211 147 272 69
158 215 220 271 ἐστι
247 210 350 272 ούδέν.”
403 217 497 272 Ταῦτα
522 213 663 294 λεγούσης
690 215 762 293 πρός
788 217 957 294 Μαρδόνιον,

157 298 221 359 ὅσοι
247 301 298 377 μὲν
324 298 397 376 ἦσαν
432 299 520 360 εὔνοοι
549 306 584 379 τῇ
610 301 775 383 Ἀρτεμισίῃ
805 306 959 382 συμφομήν

157 392 297 448 ἐποιεῦντο
310 387 375 451 τούς
387 387 498 468 λόγους,
514 387 548 452 ὥς
567 389 651 450 κακόν
663 417 691 450 τι
706 394 874 469 πεισομένης
887 393 960 470 πρός

157 477 304 553 βασθιέος,
328 475 371 536 ὅτι
395 475 443 535 ούκ
466 480 499 555 ἐᾷ.
521 479 676 555 ναυμαχίην
698 481 853 540 ποιέεσθαι·
880 484 907 540 οἱ
928 481 959 541 δὲ

158 563 322 645 ἀγαιόμενοί
331 590 363 624 τε
377 565 422 622 καὶ
436 565 601 639 φθονέοντες
616 565 695 646 αὐτῇ,
711 565 760 627 ἅτε
778 573 807 628 ἐν
820 568 959 645 πρώτοισι

156 653 337 729 τετιμημένης
357 651 403 712 διαὶ
423 651 533 712 πάντων
552 655 607 712 τῶν
627 653 791 734 συμμάχων,
809 656 958 733 ἐτέρποντο

155 743 192 818 τῇ
211 741 296 816 κρίσι,
315 740 350 805 ὥς
366 739 557 816 ἀπολεομένης
573 741 664 818 αὐτῆς.
708 744 768 802 ἐπεὶ
786 743 816 802 δὲ
832 743 958 824 ἀνηνείχ-

157 828 249 904 θησαν
275 833 303 889 αῖ
330 833 438 910 γνῶμαι
462 833 489 892 ἐς
512 828 626 906 Ξέρξεα,
651 829 738 906 κάρτα
764 857 795 890 τε
821 829 898 907 ἥσθη
921 837 959 910 τῇ

156 915 252 995 γνώμη
273 921 322 993 τῆς
342 917 529 995 Ἀρτεμισίης,
552 916 597 974 καὶ
621 919 737 994 νομίζων
761 919 800 977 ἔτι
821 917 958 996 πρότερον

157 1005 313 1081 σπουδαίην
327 1005 404 1076 εἶναι,
417 1004 481 1065 τότε
494 1007 593 1082 πολλῷ
611 1009 724 1082 μᾶλλον
737 1007 819 1066 αἴνεε·
841 1005 914 1083 ὅμως
928 1008 958 1066 δὲ

155 1095 232 1150 τοῖσι
261 1095 366 1153 πλέοσι
396 1092 545 1153 πείθεσθαι
571 1093 680 1152 ἐκέλευε
705 1093 779 1162 τάδε,
806 1095 958 1164 καταδόξας

155 1179 227 1257 πρός
238 1183 290 1258 μὲν
303 1180 414 1259 Εὐβοίῃ
428 1180 520 1256 σφέας
535 1178 723 1240 ἐθελοκακέειν
742 1180 777 1244 ὥς
794 1181 825 1241 ού
842 1181 958 1260 παρεόν-

155 1294 203 1331 τος
219 1269 314 1330 αύτοῦ·
332 1269 396 1329 τότε
414 1269 443 1328 δὲ
463 1267 545 1330 αύτός
562 1267 776 1346 παρεσκεύαστο
797 1269 958 1346 θεήσασθαι

155 1358 371 1436 ναυμαχέοντας.
949 1427 952 1432 ,

109 1443 146 1503 70
196 1444 309 1520 Ἐπειδὴ
331 1445 360 1502 δὲ
380 1443 580 1524 παρήγγελλον
598 1442 763 1514 οἷναπλύειν,
782 1443 887 1526 α’νῆγον
908 1446 958 1510 ταὶς

156 1534 223 1606 νῆας
240 1532 286 1590 ἐπὶ
304 1531 356 1606 τήν
375 1531 531 1608 Σαλαμῖνα,
549 1533 595 1590 καὶ
615 1532 824 1610 παρεκρίθησαν
845 1534 957 1613 διαταχ-

156 1619 247 1681 θέντες
274 1617 333 1677 κατ’
353 1617 484 1697 ἡσυχίην.
524 1619 588 1680 τότε
610 1621 663 1696 μέν
683 1647 731 1681 νυν
751 1619 800 1680 ούκ
821 1619 958 1700 ἐξέχρησέ

156 1712 212 1782 σφι
229 1705 248 1782 ἦ
265 1705 355 1783 ήμέρη
373 1708 528 1787 ναυμαχίην
544 1707 731 1784 ποιήσασθαι·
756 1709 807 1778 νύξ
822 1708 877 1789 γαρ
896 1713 957 1768 ἐπε-

154 1795 259 1875 γένετο·
295 1797 321 1854 οἱ
347 1795 377 1854 δὲ
403 1797 642 1873 παρεσκευάζοντο
669 1803 697 1860 ἐς
721 1796 774 1873 τήν
796 1796 956 1875 ύστεραίην.

154 1881 219 1946 τούς
242 1883 272 1942 δέ
293 1882 437 1961 Ἕλληνας
464 1884 522 1964 εἶχε
548 1885 609 1950 δέος
629 1913 661 1945 τε
684 1885 731 1944 καὶ
752 1883 880 1962 α’ρρωδίη,
906 1884 956 1944 ούκ

155 1969 258 2046 ἥκιστα
279 1973 308 2031 δέ
327 1973 392 2036 τούς
411 1971 468 2033 α’πό
489 1973 723 2049 Πελοποννήσου·
758 1972 896 2052 ἀρρώδεον
916 1972 953 2046 δὲ,

155 2056 198 2118 ὅτι
216 2059 294 2120 αύτοὶ
312 2063 363 2138 μέν
381 2065 410 2120 ἐν
429 2062 569 2139 Σαλαμῖνι
588 2061 737 2138 κατήμενοι
756 2059 826 2136 ὑπὲρ
841 2064 894 2140 γῆς
905 2063 957 2134 τῆς

154 2143 307 2223 Ἀθηναίων
330 2151 494 2228 ναυμαχέειν
515 2151 658 2227 μέλλοιεν·
689 2148 844 2223 νικηθέντες
864 2172 903 2216 τε,
926 2151 956 2206 ἐν

154 2234 231 2312 νήσῳ
251 2233 485 2313 ἀπολαμφθέντες
505 2236 744 2315 πολιορκήσονται
769 2233 883 2296 ἀπέντες
904 2232 956 2308 τήν

155 2325 260 2382 ἑωυτῶν
273 2321 445 2399 ἀφύλακτον.

107 2409 142 2471 71
194 2413 255 2470 Τῶν
279 2411 308 2470 δὲ
335 2411 491 2490 βαρβάρων
514 2409 530 2469 ό
551 2409 633 2479 πεζός
654 2406 709 2466 ύπό
724 2405 775 2482 τήν
792 2408 955 2481 παρεοῦσαν

153 2497 237 2560 νύκτα
256 2500 401 2577 ἐπορεύετο
420 2500 465 2557 ἐπὶ
482 2496 535 2571 τήν
552 2495 782 2570 Πελοπόννησον·
813 2494 902 2554 καίτοι
917 2494 955 2555 τὰ

153 2584 255 2646 δυνατὰ
271 2586 363 2646 πάντα
382 2582 584 2660 ἐμεμηχάνητο,
606 2581 675 2645 ὅκως
697 2580 755 2642 κατ’
776 2581 891 2661 ἤπειρον
912 2580 954 2659 μή

153 2672 306 2750 ἐσβάλοιεν
320 2676 346 2731 οί
359 2671 511 2748 βάρβαροί
555 2670 591 2734 ὥς
608 2671 663 2752 γοὶρ
683 2671 818 2732 ἐπύθοντο
831 2669 954 2750 τάχιστα

153 2758 379 2834 Πελοποννήσιοι
391 2759 454 2822 τούς
468 2757 543 2836 ἀμφὶ
555 2760 693 2820 Λεωνίδεα
707 2765 736 2821 ἐν
749 2759 954 2837 Θερμοπύλῃσι

151 2846 381 2922 τετελευτηκέναι,
398 2847 602 2924 συνδραμόντες
621 2853 722 2910 ἐκτῶν
739 2849 845 2908 πολίων
864 2852 892 2910 ἐς
904 2844 954 2905 τόν

79 3013 81 3018 Ι
151 2933 268 3010 Ἰσθμόν
282 2935 382 3005 ἵζοντο·
397 2937 445 2994 καί
456 2941 512 3012 σφι
525 2940 596 3013 ἐπῆν
610 2938 769 3019 στρατηγός
782 2935 952 3012 Κλεόμβρο-

151 3048 199 3086 τος
209 3022 224 3082 ό
234 3020 458 3101 Ἀναξανδρίδεω,
468 3026 610 3085 Λεωνίδεω
621 3027 651 3085 δὲ
664 3025 810 3103 ἀδελφεός·
833 3023 952 3099 ἱζόμενοι

153 3110 182 3168 δὲ
204 3115 233 3170 ἐν
253 3115 291 3190 τῷ
314 3110 421 3192 Ἰσθμῷ
443 3113 489 3172 καὶ
511 3115 709 3196 συγχώσαντες
729 3114 780 3190 τήν
802 3107 953 3187 Σκιρωνίδα

160 3195 225 3266 ιδόν,
252 3198 325 3275 μετὰ
348 3204 440 3268 τοῦτο,
465 3200 500 3266 ὥς
523 3209 580 3279 σφι
606 3203 682 3273 ἔδοξε
709 3197 951 3279 βουλευομένοισι,
