2280 3432
176 112 282 175 12-16]
478 110 667 161 KAAAIOHH.
927 114 974 165 τοι

174 190 293 272 ἀγγελίη
307 192 342 256 ὦς
355 191 436 256 άλέες
455 193 553 270 εἴησαν
571 196 598 253 οἱ
612 193 752 269 Ἕλληνες
768 197 797 254 ἐν
809 195 848 274 τῷ
858 192 974 274 Ἰσθμῷ·

174 277 244 338 οὕτω
271 279 304 355 δὴ
332 279 423 340 όπίσω
451 279 596 358 ἐπορεύετο
621 280 666 340 διά
688 280 835 358 Δεκελέης·
870 284 897 340 οἱ
919 282 974 363 γάρ

174 367 348 447 βοιωτάρχαι
378 371 591 448 μετεπέμψαντο
620 370 685 434 τούς
712 369 894 450 προσχώρους
919 375 974 431 τῶν

173 453 329 516 Ἀσωπίων·
351 455 428 517 οὗτοι
442 458 471 516 δέ
484 456 556 538 αὐτῷ
569 458 621 534 την
634 457 700 519 όδόν
713 458 829 539 ἡγέοντο
844 463 871 520 ἐς
885 459 974 533 Σφεν·

174 541 284 607 δαλέας·
314 547 438 606 ἐνθεῦτεν
459 545 489 603 δέ
511 550 538 609 ἐς
560 547 715 627 Τανάγρην·
745 551 774 606 ἐν
795 545 923 626 Τανάγρῃ
945 546 974 606 δέ

174 629 258 690 νύκτα
280 632 503 709 ἐναυλισάμενος,
529 634 574 692 καὶ
595 633 766 710 τραπόμενος
786 637 821 712 τῇ
841 633 974 712 ὑστεραίῃ

174 720 202 779 ἐς
218 719 341 788 Σκῶλον,
364 723 393 778 ἐν
413 723 450 800 γῇ
466 723 502 798 τῇ
519 720 651 795 Θηβαίων
667 719 711 794 ἦν·
733 721 850 780 ἐνθαῦτα
871 722 900 780 δὲ
919 726 974 783 τῶν

174 806 307 882 Θηβαίων
321 807 418 884 καίπερ
431 806 599 882 μἠδιζόντων
614 807 698 883 ἔκειρε
711 804 775 868 τούς
786 806 900 885 χοίρους,
916 809 974 869 οὔτι

175 895 245 954 κατά
272 895 353 973 ἔχθος
380 893 476 964 αύτῶν,
506 892 572 952 ἀλλ’
597 892 644 952 τίετ’
671 892 821 973 α’ναγκαίης
849 895 975 974 μεγάλης

175 981 315 1061 ἐχόμενος.
356 981 532 1058 βουλόμενος
553 979 639 1058 ἔρυμά
658 1007 689 1040 τε
709 984 747 1059 τῷ
767 985 877 1059 στρατῷ
896 983 975 1058 ποιή-

175 1070 291 1143 σασθαι,
306 1070 352 1128 καὶ
364 1067 398 1144 ἢν
417 1067 597 1146 συμβαλόντι
606 1071 638 1127 οἱ
655 1067 829 1145 μὴ’-ἐκβαίνῃ
843 1067 936 1128 ὁκοῖόν
947 1096 975 1130 τι

176 1158 275 1228 ἐθέλοι,
303 1157 499 1240 κρησφύγετον
524 1162 608 1217 τοῦτο
639 1158 770 1216 ἐποιέετο.
812 1159 919 1234 παρῆκε
945 1158 975 1217 δὲ

175 1244 260 1305 ου’τοῦ
283 1245 315 1306 τό
343 1245 531 1322 στρατόπεδον
558 1244 712 1322 ἀρξάμενον
738 1241 794 1302 άτὸ
822 1242 975 1321 Ἐρυθρέων

175 1333 251 1410 παρά
270 1333 377 1396 Ὑσιάς·
407 1336 542 1393 κατέτεινε
563 1332 592 1390 δέ
613 1337 640 1395 ές
658 1331 711 1407 τὴν
732 1331 892 1391 Πλαταιίδα
911 1335 974 1412 γῆν,

175 1421 251 1499 παρά
271 1422 319 1481 τόν
338 1420 470 1480 Ἀσωπόν
489 1418 616 1496 ποταμόν
636 1420 812 1501 τεταγμένον·
834 1417 867 1478 ού
879 1419 974 1495 μέντοι

175 1507 209 1568 τό
227 1535 260 1590 γε
279 1511 371 1588 τεῖχος
391 1511 527 1569 τοσοῦτον
548 1508 679 1578 ἐποιέετο,
700 1505 765 1566 ἀλλ’
787 1506 823 1570 οἷς
843 1507 889 1566 ἐπὶ
909 1506 974 1566 δέκα

176 1597 304 1659 σταδίους
315 1595 443 1673 μάλιστά
457 1623 491 1672 κη
505 1597 633 1673 μέτωπον
647 1597 772 1656 ἕκαστον.

215 1683 351 1764 Ἐχόντων
378 1685 407 1743 δέ
434 1685 482 1744 τόν
502 1683 588 1744 πόνον
608 1687 706 1744 τοῦτον
726 1686 781 1743 τῶν
807 1682 1028 1760 βαρβάρων,16,

174 1771 334 1852 Ἀτταγῖνος
354 1771 370 1830 ό
391 1771 541 1847 Φρύνωνος,
555 1770 624 1847 ἀνὴρ
646 1773 781 1847 Θηβαῖος,
798 1796 974 1848 παρασκευα-

175 1858 296 1934 σάμενος
314 1857 450 1936 μεγάλως,
465 1857 561 1916 ἐκάλεε
582 1859 627 1915 ἐπὶ
648 1858 733 1925 ξείνια
752 1856 836 1916 αὐτόν
848 1882 879 1916 τε
895 1863 974 1934 Μαρ-

176 1943 266 2002 δόνιον
279 1944 325 2000 καὶ
337 1943 508 2016 πεντήκοντα
526 1943 659 2018 Περσέων
676 1943 741 2004 τούς
758 1941 974 2022 λογιμωτάτους·

175 2030 322 2105 κληθέντες
340 2029 369 2087 δὲ
385 2027 462 2088 οὗτοι
478 2030 586 2088 ἐποντο·
607 2028 642 2104 ἧν
660 2029 689 2087 δέ
709 2027 741 2088 τά
761 2029 870 2088 δεῖττνον
883 2030 974 2090 ποιεύ-

173 2142 257 2193 μενον
278 2123 307 2176 ἐν
325 2116 451 2195 Θήβῃσι.
493 2117 528 2176 τά
545 2117 574 2175 δὲ
595 2116 648 2193 ἤδη
668 2116 704 2177 τά
723 2117 856 2176 ἐπίλοιπα
873 2117 976 2193 ἤκουον

174 2204 359 2284 Θερσάνδρου,
375 2203 473 2281 άνδρός
490 2206 541 2280 μὲν
560 2203 752 2283 Ὀρχομενίου,
772 2206 892 2286 λογίμου
905 2205 934 2264 δέ
948 2212 975 2268 ές

173 2292 209 2354 τά
222 2296 317 2370 πρῶτα
332 2299 360 2354 ἐν
376 2291 546 2371 Ὀρχομενῷ·
569 2294 623 2368 ἔφη
642 2293 671 2351 δὲ
687 2293 702 2352 ό
719 2292 895 2370 Θέρσανδρος
909 2298 975 2371 κλη-

174 2383 255 2458 θῆναι
270 2384 315 2441 καὶ
325 2381 408 2445 αι’ττός
417 2380 471 2440 ύπό
481 2380 646 2462 Ἀτταγίνου
657 2380 702 2439 ἐπὶ
712 2381 744 2441 τό
759 2381 868 2440 δεῖπνον
880 2386 972 2441 τοῦτο·

174 2470 311 2544 κληθῆναι
332 2471 361 2528 δὲ
383 2469 429 2528 καὶ
448 2469 580 2545 Θηβαίων
601 2467 700 2546 άνδρας
717 2468 897 2544 πεντήκοντα·
928 2471 978 2530 καί

174 2561 271 2630 σφεων
280 2555 312 2614 οὗ
321 2559 404 2635 χωρὶς
414 2559 558 2634 ἑκατέρους
567 2560 667 2628 κλῖναι,
676 2557 753 2616 άλλά
763 2558 880 2634 Πέρσην
889 2583 920 2618 τε
930 2559 975 2616 καὶ

174 2644 303 2718 Θηβαῖον
317 2649 345 2703 ἐν
359 2645 439 2723 κλίνῃ
453 2645 565 2724 ἑκάστῃ·
600 2645 635 2708 ὥς
648 2645 678 2704 δὲ
691 2644 747 2705 α’πό
767 2645 877 2706 δείπνου
891 2645 973 2720 ἦσαν,

175 2728 360 2799 διαπινόντων,
381 2732 431 2791 τόν
452 2734 569 2808 Πέρσην
593 2733 643 2793 τόν
670 2732 827 2810 ὁμόκλινον,
848 2732 976 2792 Ἐλλάδα

173 2820 312 2896 γλῶσσαν
346 2819 428 2887 ἱέντα,
457 2821 580 2896 εἴρεσθαι
610 2819 695 2880 αὐτόν
725 2819 866 2883 ὁποδαπός
896 2826 973 2890 ἐστι;

174 2901 257 2966 αύτὸς
277 2904 306 2962 δέ
326 2903 529 2981 ύποκρίνασθαι
548 2907 584 2970 οἷς
600 2908 641 2984 ε’ίη
659 2907 851 2985 Ὀρχομένιος·
878 2908 927 2968 τόν
945 2909 975 2967 δέ

175 2994 270 3050 εἰπεῖν·
286 3001 303 3026 “
312 2993 371 3050 ἐπεὶ
381 2995 429 3052 νθν
442 2992 630 3072 ὁμοτράπεζός
639 2996 672 3054 τέ
684 3021 732 3072 μοι
744 2995 789 3053 καὶ
800 2994 976 3072 ὁμόσπονδος

176 3080 277 3160 ἐγένεο,
291 3079 456 3158 μνημόσυνά
476 3107 519 3140 τοι
539 3082 649 3162 γνιύμης
668 3087 718 3158 τῆς
739 3087 807 3160 ἐμῆς
828 3083 975 3141 καταλιπέ-

175 3168 244 3228 σθαι
265 3167 346 3238 θέλω,
371 3169 416 3229 ἵνα
436 3169 482 3229 καὶ
502 3170 636 3247 προειδιδς
656 3169 738 3235 αὐτός
764 3170 828 3248 περὶ
855 3173 978 3238 σεωυτοῦΙ

174 3255 366 3330 βουλεύεσθαι
392 3258 457 3339 ἔχῃς
482 3256 518 3318 τοὶ
541 3259 732 3337 συμφέροντα·
773 3259 839 3338 ὁρᾷς
864 3257 977 3322 τούτους
