2294 3430
179 99 225 150 ιιι
476 94 662 144 Ἦυοιουου
896 97 974 162 [vn.
1115 121 1138 190 ,γ

130 178 166 236 31
178 175 227 238 Ὡς
241 175 270 234 δέ
284 178 314 234 ἐκ
327 175 378 250 ’τῆς
390 175 511 254 Φρυγίης
533 175 657 250 ἐσέβαλε
678 178 705 237 ἐς
724 172 776 249 τὴν
787 174 900 250 Λυδίην,
915 203 976 256 σχι-
1137 191 1138 194 ’

178 264 293 340 ζομένης
305 266 355 338 τῆς
368 261 441 332 ὁδοῦ,
457 264 503 321 καὶ
516 266 566 336 τῆς
579 263 630 338 μὲν
644 267 671 324 ἐς
685 260 834 338 ἀριστερὴν
854 263 899 322 ἐπὶ
918 271 976 323 Κα-

148 352 237 428 'jpt‘vys
256 350 404 428 φερούσης,
423 355 473 424 τῆς
496 351 525 409 δὲ
545 355 572 412 ἐς
590 348 681 424 δεξιήν
702 354 729 412 ἐς
748 349 856 426 Σάρδις,
877 354 913 428 τῇ
932 354 977 422 καὶ

176 440 349 517 πορευομένῳ
363 438 495 514 διαβῆναι
510 437 559 497 τάν
574 437 736 514 Μαίανδρον
749 437 877 514 ποταμόν
897 444 977 505 πάσα

141 526 283 608 ,ί”ἀνάγκη
301 527 414 606 γίνεται,
430 527 476 583 καὶ
491 527 558 584 ἰέναι
575 523 652 602 παρά
666 523 863 601 Καλλάτηβον
884 526 977 598 πόλιν,

177 619 205 673 ἐν
217 618 253 692 τῇ
270 612 364 690 ἀνδρες
378 613 538 694 δημιοεργοὶ
555 613 623 690 μέλι
644 617 673 670 ἐκ
692 614 807 689 μυρίκης
820 639 851 672 τε
865 614 911 672 καὶ
927 641 978 676 πυ-

147 715 160 732 ”
176 705 227 779 ροῦ
248 705 366 771 ποιεῦσι,
387 701 490 776 ταύτην
513 700 559 760 mv
581 700 596 760 ὁ
619 701 725 777 Ξέρξης
747 699 799 776 τὴν
821 701 894 771 ὁδόν,
916 700 978 780 εῦρε

175 789 374 859 πλατάνιστον,
388 788 440 864 τήν
454 787 573 852 κάλλεος
588 789 677 848 εἵνεκα
693 787 890 865 δωρησάμενος
911 789 977 850 κόσ-

146 887 165 950 ?
175 904 218 957 μῳ
230 878 341 956 χρυσέῳ
355 877 401 935 καὶ
414 876 558 954 μελεδωνῷ
571 875 698 955 ἀθανάτῳ
718 874 797 952 ἀνδρὶ
818 879 976 956 ἐπιτρέψας,

128 966 166 1024 32
176 965 287 1044 δευτέρῃ
297 965 387 1044 ἡμέρη
398 963 512 1024 ἀπίκετο
527 969 554 1027 ἐς
563 967 617 1024 τῶν
627 963 725 1023 Λυδῶν
738 963 770 1022 τά
786 961 869 1024 ἀστυ.
898 964 977 1026 Ἀπι-

137 1065 143 1083 ‘
176 1053 290 1130 κόμενος
303 1053 332 1112 δὲ
347 1058 373 1116 ἐς
387 1052 495 1129 Σάρδις,
509 1057 605 1128 πρῶτα
617 1053 669 1128 μὲν
690 1050 837 1128 ἀπέπεμπε
858 1051 977 1129 κήρυκας

176 1147 203 1206 ἐς
223 1141 274 1218 τὴν
294 1139 429 1210 Ἑλλάδα,
454 1139 619 1220 αἶτήσοητας
643 1143 697 1220 γῆν
718 1165 749 1198 τε
771 1140 816 1197 καὶ
838 1139 908 1217 ὕδωρ
931 1143 977 1200 καὶ

138 1236 140 1244 ’
163 1229 356 1307 προερέοντας
377 1228 474 1286 δεῖπνα
497 1227 618 1302 βασιλέϊ
641 1226 873 1304 παρασκευάζειν·
899 1229 977 1305 πλην

176 1317 239 1377 οῦτε
254 1323 280 1379 ἐς
293 1314 413 1392 Ἀθήνας
427 1313 490 1391 οὔτε
507 1321 534 1378 ἐς
548 1315 743 1391 Λακεδαίμονα
763 1313 910 1392 ἀπέπεμπε
931 1317 976 1376 ἐπὶ
1137 1329 1138 1382 ι

140 1453 141 1456 ¹
175 1409 227 1485 γῆς
246 1405 364 1479 αἴτησιν,
379 1407 415 1480 τῇ
429 1402 458 1460 δὲ
472 1401 548 1480 άλλη
561 1403 661 1478 πάντη·
682 1403 768 1463 τῶνδε
785 1403 815 1462 δὲ
834 1404 923 1462 εἵνεκα
942 1405 976 1464 τῦ

176 1491 300 1568 δεύτερον
321 1490 467 1566 ἀπέπεμπε
490 1492 535 1548 ἐπὶ
551 1495 605 1571 γοῦν
618 1517 649 1549 τε
663 1491 708 1549 καὶ
721 1489 802 1567 ὕδωρ·
824 1489 888 1550 ὅσοι
908 1491 976 1568 πρό·
1038 1491 1043 1499 ’

174 1605 255 1656 τερον
271 1577 321 1637 ούκ
338 1579 438 1638 ἔδοσαν
452 1579 561 1656 Δαρείῳ
581 1579 732 1656 πέμψαντι,
746 1577 860 1642 τούτους
879 1578 976 1659 πάγχυ

176 1667 267 1726 ἐδόκεε
279 1666 343 1726 τότε
356 1665 502 1728 δείσαντας
522 1665 630 1726 δύσειν·
652 1665 828 1742 βουλόμενος
849 1665 886 1726 ὧν
907 1665 974 1727 αῦτά

174 1759 257 1815 τοῦτο
288 1754 417 1832 ἐκμαθεῖν
443 1752 572 1831 ἀκριβῶς,
599 1755 717 1831 ἔπεμπε·
744 1753 815 1831 μετά
839 1753 975 1830 δὲταῦτα

174 1842 396 1924 παρεσκευάζετο
411 1841 446 1904 ἀς
460 1845 530 1902 ε’λῦν
544 1847 572 1905 ἐς
580 1841 717 1918 Ἄβυδον.

127 1933 165 1992 33
216 1935 253 1992 Οἱ
266 1933 295 1991 δὲ
309 1937 340 2015 ἐν
350 1930 438 2010 τούτζῳ
453 1929 503 1991 τάν
518 1929 734 2006 Ἑλλήσποντον
756 1929 923 2011 ἐζεύγνυσαν
944 1935 974 1990 ἐκ

173 2026 224 2097 τῆς
243 2013 342 2097 Ἀσίης
363 2025 390 2083 ἐς
409 2018 460 2095 την
475 2018 622 2096 Εὐρώπην.
664 2019 725 2078 ἔστι
745 2018 774 2077 δὲ
794 2023 844 2094 τῆς
865 2024 974 2095 Χερσο·

174 2109 262 2186 νήσου
283 2113 333 2184 τῆς
351 2114 379 2168 ἐν
394 2107 606 2186 Ἑλλησπόντῳ,
625 2109 738 2182 Σηστοῦ
757 2132 788 2165 τε
806 2105 907 2168 πόλιος
926 2132 974 2183 με·

173 2197 243 2266 ταξῦ
265 2197 310 2256 καὶ
324 2195 465 2268 Μαδύτου,
480 2194 550 2271 ἀκτή
563 2196 668 2274 τραχέα
683 2200 710 2258 ἐς
724 2193 875 2253 θάλασσαν
892 2193 974 2270 κατή-

175 2310 264 2342 κουσα
285 2283 396 2362 Ἀβύδῳ
421 2283 574 2342 καταντίον·
599 2283 663 2342 ἔνθα
686 2281 757 2359 μετά
776 2285 863 2341 ταῦτα
883 2281 974 2361 χρόνῳ

174 2371 292 2448 ὕστερον
311 2369 344 2430 ού
361 2375 469 2448 πολλῷ,
491 2371 536 2429 ἐπὶ
552 2371 717 2433 Ξανθίππου
737 2373 787 2430 τοῦ
807 2368 974 2445 Ἀρίφρονος

175 2463 334 2540 στρατηγοῦ
357 2447 517 2532 Ἀθηναίωῦ,
544 2457 716 2536 Ἀρταύκτην
745 2456 831 2534 ἀνδρα
858 2457 977 2533 Πέρσην

175 2546 314 2624 λαβόντες
323 2549 434 2623 Σηστοῦ
448 2545 582 2624 ὕπαρχον,
592 2547 679 2617 ζῶντα
692 2546 763 2623 πρὸς
773 2543 874 2604 σανίδα
884 2565 982 2620 προσ-·

174 2633 430 2694 διεπασσάλευσαν·
451 2634 482 2696 ῦς
496 2636 541 2693 καὶ
556 2640 582 2696 ἐς
595 2638 644 2694 τοῦ
659 2631 846 2711 Πρωτεσίλεω
862 2631 895 2692 τῦ
915 2632 974 2708 ἶράν

175 2723 202 2786 ἐς
214 2722 380 2783 Ἐλαιοῦντα
390 2721 565 2804 ἀγινεόμενος
572 2726 710 2803 γυναῖκας,
720 2720 838 2798 ἀθέμιτα
852 2719 973 2797 ἔρδεσκε.

127 2810 221 2874 34Ἐς
238 2810 339 2886 ταύτην
364 2809 399 2871 ὧν
419 2809 471 2885 τὴν
495 2808 581 2886 ἀκτήν
605 2810 635 2880 ἐξ
656 2808 781 2885 Ἀβύδου
804 2806 974 2886 ὁρμειύμενοι

175 2899 327 2981 ἐγεφύρουν
353 2903 428 2960 τοῖσι
452 2899 628 2975 προσεκέετο,
644 2897 705 2974 ,τὴν
731 2899 782 2973 μὲν
809 2894 974 2955 λευκολίνου

174 2991 304 3059 Φοίνικες,
329 2988 380 3065 τὴν
407 2986 429 3046 δ’
453 2987 547 3062 ἑτέρην
574 2986 625 3061 τήν
648 2985 791 3061 βυβλίνην
814 2982 972 3063 Αἰγύπτιοι·

175 3079 235 3137 ἔστι
253 3078 282 3136 δὲ
300 3077 369 3138 ἑπτά
388 3075 498 3136 στάδιοι
518 3074 548 3144 ἐξ
565 3072 690 3150 Ἀβύδου
713 3077 739 3134 ἐς
759 3071 811 3146 τὴν
830 3069 974 3127 ἀπαντίον·
999 3061 1012 3151 (η
1113 3057 1138 3204 ά

129 3163 166 3222 35
175 3167 233 3224 Καὶ
246 3165 279 3242 δή
294 3166 455 3247 ἐζευγμένου
475 3166 525 3222 τοῦ
546 3161 643 3240 πόρου,
658 3157 849 3240 ἐπιγενόμενος
868 3153 973 3232 χειμιῦν

174 3254 262 3333 μέγας
282 3252 420 3332 συνέκοψέ
438 3277 469 3312 τε
490 3253 579 3310 ἐκεῖνα
594 3249 686 3310 πάντα
700 3245 746 3304 καὶ
758 3245 880 3304 διέλυσε·
901 3239 936 3303 ὦς
949 3239 972 3300 δ’
