2294 3430
158 123 205 171 164
465 119 646 167 Ἧιωοοτυτ
725 154 728 158 .
879 115 956 180 [vn.
1112 93 1136 162 ἦ

157 199 271 277 δεύτερα
285 197 389 259 τούτων
401 197 595 274 παραμείβετο
607 197 701 274 τείχεα
713 194 749 254 τὰ
765 195 883 272 Πιέρων·
904 201 959 258 τῶν
1135 229 1136 232 “

158 289 204 346 καὶ
222 288 261 346 ἐνὶ
277 285 390 365 Φάγρης
411 286 473 344 ἐστὶ
494 284 607 362 οὕνομα,
629 284 675 342 καὶ
695 283 777 362 ἐτέρῳ
797 284 957 364 Πέργαμος·

156 374 244 452 ταύτῃ
256 376 308 450 μὲν
321 373 355 448 δὴ
366 371 431 450 παρ’
442 371 513 432 αὐτὰ
524 371 561 432 τό
574 371 669 450 τείχεα
681 369 734 447 τῆν
748 369 813 432 ὁδόν
826 372 958 442 ἐποιέετο,

157 467 188 522 ἐκ
212 462 302 537 δεξιῆς
324 459 407 539 χερός
426 459 460 520 τδ
484 459 633 540 Πάγγαιον
653 457 734 535 ούρος
754 457 890 538 ἀπέργων,
912 458 959 518 ἐόν

157 550 231 631 μέγα
246 574 277 608 τε
296 548 343 606 καὶ
358 546 478 626 ὑψηλόν·
499 552 529 608 ἐν
543 551 582 626 τῷ
599 545 708 625 χρύσεά
724 571 755 606 τε
773 547 819 604 καὶ
837 544 959 627 ἀργύρεα

158 637 196 696 ἔνι
208 636 346 713 μέταλλα,
360 634 397 694 τὰ
414 635 544 712 νέμονται
560 633 661 710 Πίερές
675 659 707 692 τε
723 633 769 693 καὶ
781 631 958 710 Ὀδόμαντοι,

112 725 169 784 113
179 724 224 782 καὶ
240 722 368 800 μάλιστα
386 721 500 800 Σότραι.
541 720 767 797 Ὗπεροικέοντας
783 719 813 778 δέ
829 719 862 780 τό
879 720 958 801 Πάγ-

157 805 238 892 γαιον
253 809 323 888 πρός
341 809 434 888 βορέω
452 808 556 886 όνέμου
572 808 698 870 Παίονας
714 805 848 884 Δόβηράς
865 833 897 867 τε
912 809 958 867 καὶ
1013 855 1026 872 .

158 898 309 962 Παιόπλας
321 897 466 975 παρεξιών,
480 896 524 974 ἤϊε
537 896 607 974 πρδς
621 896 751 973 ἕσπέρην·
773 899 801 958 ἐς
814 893 830 954 δ
843 893 958 956 α’πίκετο

159 988 205 1046 ἐπὶ
219 984 347 1063 ποταμόν
362 1012 393 1046 τε
409 984 557 1063 Στρυμόνα
572 984 619 1043 καὶ
635 983 720 1044 πόλιν
731 981 838 1056 Ἠϊόνα,
849 986 900 1058 τῆς
918 983 958 1043 ἔτι

159 1075 227 1146 ζωός
243 1074 293 1134 ε’ὠν
308 1073 379 1153 ἦρχε
394 1071 496 1155 Βόγης,
509 1076 559 1133 τοῦ
574 1097 627 1149 περ
641 1071 729 1152 ὀλίγῳ
744 1069 881 1149 πρότερον
895 1070 957 1130 τού·

157 1186 211 1222 των
224 1160 312 1242 λόγον
326 1159 483 1237 ἐποιεύμην·
503 1158 522 1235 ῆ
536 1160 566 1218 δὲ
580 1163 619 1240 γῆ
632 1158 701 1234 αὕτη
714 1157 734 1234 η’
749 1157 813 1234 περὶ
827 1158 861 1218 τό
878 1157 958 1240 Πύγ-

157 1275 239 1330 γαιον
258 1247 323 1326 ὅρος
344 1247 472 1306 καλέεται
490 1247 605 1309 Φυλλίς·
626 1245 833 1316 κατατείνουσα,
851 1245 887 1306 τό
906 1248 959 1323 μὲν

158 1336 230 1414 πρός
252 1336 379 1412 ἕσπέρην,
402 1335 448 1394 ἐπὶ
469 1332 597 1410 ποταμόν
617 1332 750 1414 Ἀγγίτην
770 1332 910 1394 ἐκδιδόντα
931 1339 959 1397 ἐς

158 1424 208 1484 τόν
221 1422 377 1500 Στρυμόνα·
397 1421 433 1481 τό
452 1421 481 1480 δέ
497 1421 566 1499 πρός
579 1422 770 1499 μεσαμβρίην,
782 1422 913 1482 τείνουσα
930 1427 959 1485 ἐς

160 1509 243 1570 αὐτόν
260 1509 309 1570 τόν
326 1507 481 1585 Στρυμόνα,
495 1513 523 1572 ἐς
537 1508 587 1568 τδν
605 1512 632 1568 οἱ
650 1507 747 1590 Μόγοι
762 1511 958 1586 ἐκαλλιρέοντο

114 1597 336 1673 114σφόζοντες
364 1596 464 1660 ἵππους
489 1595 613 1659 λευκούς.
653 1596 902 1674 Φαρμακεύσαντες
928 1597 958 1657 δέ

159 1688 247 1744 ταῦτα
263 1688 291 1746 ἐς
310 1682 361 1744 τόν
380 1682 516 1760 ποταμόν,
534 1683 579 1742 καὶ
598 1682 675 1756 ἄλλα
694 1683 792 1743 πολλὰ
806 1684 877 1762 πρός
896 1684 957 1744 τού·

141 1795 243 1842 τοισι,
265 1775 294 1831 ἐν
312 1769 409 1832 Ἐννέα
427 1770 539 1846 Ὁδοῖσι
558 1773 626 1849 τῆσι
641 1769 774 1834 ,Ἠδωνῶν
794 1771 959 1849 ἐπορεύοντο

161 1857 232 1919 κατὰ
241 1859 291 1923 τὰς
300 1857 432 1940 γεφύρας,
440 1857 490 1918 τόν
498 1857 644 1937 Στρυμόνα
654 1857 778 1936 εύρόντες
788 1859 957 1940 ἐζευγμένον.

159 1945 257 2007 Ἐννέα
280 1947 310 2006 δὲ
332 1945 432 2010 Ὁδούς
452 1945 654 2023 πυνθανόμενοι
675 1945 725 2005 τόν
746 1948 838 2025 χῶρον
859 1949 958 2008 τούτου

161 2035 321 2108 καλέεσθαι,
335 2032 486 2097 τοσούτους
504 2038 533 2094 ἐν
551 2032 624 2112 αύτῷ
635 2031 736 2096 παῖδός
748 2058 779 2093 τε
795 2033 841 2091 καὶ
856 2033 958 2111 παρθέ-

161 2148 224 2186 νους
247 2121 353 2200 ἀνδρῶν
372 2126 427 2182 τῶν
450 2120 602 2200 ἐπιχωρίων
625 2118 743 2192 ζώοντας
766 2120 958 2198 κατιόρυσσον.

162 2209 316 2290 (Περσικόν
342 2209 372 2269 δὲ
398 2209 431 2270 τδ
458 2209 577 2283 ζώοντας
603 2207 797 2286 κατορύσσειν·
828 2209 888 2269 ἐπεὶ
913 2211 960 2269 καὶ

156 2297 316 2374 Ἄμηστριν
328 2296 380 2372 τῆν
392 2296 500 2373 Ξέρξεω
513 2299 630 2376 γυναῖκα
645 2295 819 2374 πυνθάνομαι
834 2296 960 2378 γηρύσα·

161 2407 218 2452 Ισαν
240 2383 281 2446 δὶς
306 2382 377 2443 ἐπεὶ
399 2383 534 2460 Περσέων
556 2383 657 2446 παῖδας
683 2383 782 2444 ἐόντων
806 2385 961 2461 ἐπιφανέων

161 2469 266 2547 ἀνδρῶν
278 2469 348 2546 ύττέρ
362 2473 462 2546 ἑωυτῆς
478 2473 516 2549 τῷ
528 2469 585 2530 ύπδ
598 2473 653 2551 γῆν
666 2463 808 2552 λεγομένω
823 2471 891 2532 εἶναι
908 2471 962 2553 θεῷ

163 2557 389 2637 ἀντιχαρίζεσθαι
403 2557 659 2637 κατορύσσουσαν.)
676 2564 704 2635 Δ

115 2649 173 2707 115
226 2644 276 2709 Ὡς
289 2645 318 2704 δὲ
334 2644 390 2705 α’πδ
406 2648 456 2705 τοῦ
474 2644 632 2723 Στρυμόνος
645 2643 790 2722 ἐπορεύετο
804 2644 820 2706 ό
833 2646 963 2724 στρατός,

162 2733 281 2794 ἐνθαῦτα
300 2731 371 2811 πρδς
390 2731 474 2809 ἡλίου
494 2732 620 2810 δυσμέων
641 2733 703 2791 ἐστὶ
721 2732 857 2813 αἰγιαλός,
877 2739 906 2794 ἐν
925 2739 964 2814 τῷ
1040 2789 1042 2794 2

162 2821 310 2898 οἰκημένην
323 2819 462 2904 Ἄργιλον
481 2819 567 2880 πόλιν
585 2819 713 2880 Ἑλλάδα
732 2820 874 2898 παρεξῆῖε·
894 2823 964 2898 αὕτη

162 2909 192 2970 δέ
219 2909 265 2968 καὶ
293 2909 313 2986 ἦ
339 2907 494 2987 κατύπερθε
520 2906 622 2983 ταύτης
654 2908 784 2967 καλέεται
811 2911 962 2986 Βισαλτίη·

163 2997 289 3058 ἐνθεῦτεν
299 2997 337 3068 δέ,
349 2996 456 3057 κόλπον
466 2994 516 3056 τόν
526 2995 572 3054 ἐπὶ
586 2994 757 3071 Ποσειδηΐου
771 2995 802 3065 ἐξ
814 2995 965 3074 ἀριστερῆς

162 3083 244 3162 χερός
257 3085 335 3165 ἔχων,
348 3083 392 3162 ἤϊε
408 3082 454 3144 διδ
472 3084 576 3148 Συλέος
588 3082 685 3141 πεδίου
698 3085 876 3160 καλεομένου,
893 3083 963 3149 Στό·

162 3195 255 3250 γειρον
272 3171 358 3234 πόλιν
373 3169 500 3232 Ἑλλάδα
518 3167 771 3248 παραμειβόμενος,
787 3171 833 3228 καὶ
849 3170 964 3232 ἀπίκετο

164 3256 339 3322 ε’ςἊκανθον
347 3259 406 3338 ἅμα
413 3257 549 3341 ἀγόμενος
556 3255 659 3318 τούτων
668 3255 849 3317 ἕκαστοντῶν
856 3257 964 3326 ἐθνέων,
