<?xml version="1.0" encoding="UTF-8"?>
<!DOCTYPE html PUBLIC "-//W3C//DTD XHTML 1.0 Transitional//EN"
    "http://www.w3.org/TR/xhtml1/DTD/xhtml1-transitional.dtd">
<html xmlns="http://www.w3.org/1999/xhtml" xml:lang="en" lang="en">
 <head>
  <title>
</title>
<meta http-equiv="Content-Type" content="text/html;charset=utf-8" />
  <meta name='ocr-system' content='tesseract 3.04.00' />
  <meta name='ocr-capabilities' content='ocr_page ocr_carea ocr_par ocr_line ocrx_word'/>
</head>
<body>
  <div class='ocr_page' id='page_1' title='image "./herodotusrecens01blakgoog_0320.png"; bbox 0 0 2280 3432; ppageno 0'>
   <div class='ocr_carea' id='block_1_1' title="bbox 167 122 1023 3350">
    <p class='ocr_par' dir='ltr' id='par_1_1' title="bbox 169 122 971 1684">
     <span class='ocr_line' id='line_1_1' title="bbox 172 122 970 186; baseline 0.006 -15"><span class='ocrx_word' id='word_1_1' title='bbox 172 123 277 186; x_wconf 78' lang='lat'>12-16]</span> <span class='ocrx_word' id='word_1_2' title='bbox 474 122 663 173; x_wconf 76' lang='lat' dir='ltr'><strong>KAAAlonn.</strong></span> <span class='ocrx_word' id='word_1_3' title='bbox 923 127 970 177; x_wconf 75' lang='grc' dir='ltr'>νοτ</span> 
     </span>
     <span class='ocr_line' id='line_1_2' title="bbox 170 200 970 286; baseline 0.009 -27"><span class='ocrx_word' id='word_1_4' title='bbox 170 200 289 282; x_wconf 80' lang='grc' dir='ltr'>ἀγγελίη</span> <span class='ocrx_word' id='word_1_5' title='bbox 302 203 338 268; x_wconf 81' lang='grc' dir='ltr'>ὦς</span> <span class='ocrx_word' id='word_1_6' title='bbox 351 203 432 268; x_wconf 83' lang='grc' dir='ltr'>άλέες</span> <span class='ocrx_word' id='word_1_7' title='bbox 451 205 549 281; x_wconf 80' lang='grc' dir='ltr'>εἴησαν</span> <span class='ocrx_word' id='word_1_8' title='bbox 567 208 594 264; x_wconf 84' lang='grc' dir='ltr'>οἱ</span> <span class='ocrx_word' id='word_1_9' title='bbox 608 204 748 280; x_wconf 82' lang='grc' dir='ltr'>Ἕλληνες</span> <span class='ocrx_word' id='word_1_10' title='bbox 764 209 794 266; x_wconf 82' lang='grc' dir='ltr'>ἐν</span> <span class='ocrx_word' id='word_1_11' title='bbox 805 207 845 285; x_wconf 77' lang='grc' dir='ltr'>τῷ</span> <span class='ocrx_word' id='word_1_12' title='bbox 855 205 970 286; x_wconf 75' lang='grc' dir='ltr'>Ἰσθμῷ·</span> 
     </span>
     <span class='ocr_line' id='line_1_3' title="bbox 170 288 970 374; baseline 0.006 -26"><span class='ocrx_word' id='word_1_13' title='bbox 170 288 241 349; x_wconf 79' lang='grc' dir='ltr'>οὕτω</span> <span class='ocrx_word' id='word_1_14' title='bbox 267 289 300 366; x_wconf 77' lang='grc' dir='ltr'>δή</span> <span class='ocrx_word' id='word_1_15' title='bbox 328 291 419 352; x_wconf 85' lang='grc' dir='ltr'>ὀπίσω</span> <span class='ocrx_word' id='word_1_16' title='bbox 447 291 592 370; x_wconf 77' lang='grc' dir='ltr'>ἐπορεύετο</span> <span class='ocrx_word' id='word_1_17' title='bbox 617 291 662 352; x_wconf 79' lang='grc' dir='ltr'>διά</span> <span class='ocrx_word' id='word_1_18' title='bbox 684 292 831 369; x_wconf 73' lang='grc' dir='ltr'>Δεκελέης·</span> <span class='ocrx_word' id='word_1_19' title='bbox 866 295 893 352; x_wconf 79' lang='grc' dir='ltr'>οἱ</span> <span class='ocrx_word' id='word_1_20' title='bbox 915 294 970 374; x_wconf 82' lang='grc' dir='ltr'>γάρ</span> 
     </span>
     <span class='ocr_line' id='line_1_4' title="bbox 169 378 970 460; baseline 0.006 -24"><span class='ocrx_word' id='word_1_21' title='bbox 169 378 343 458; x_wconf 78' lang='grc' dir='ltr'>βοιωτάρχαι</span> <span class='ocrx_word' id='word_1_22' title='bbox 373 383 587 459; x_wconf 74' lang='grc' dir='ltr'>μετεπέμψαντο</span> <span class='ocrx_word' id='word_1_23' title='bbox 616 381 681 445; x_wconf 76' lang='grc' dir='ltr'>τούς</span> <span class='ocrx_word' id='word_1_24' title='bbox 708 381 890 460; x_wconf 75' lang='grc' dir='ltr'>προσχώρους</span> <span class='ocrx_word' id='word_1_25' title='bbox 915 387 970 442; x_wconf 79' lang='grc' dir='ltr'>τῶν</span> 
     </span>
     <span class='ocr_line' id='line_1_5' title="bbox 169 463 970 551; baseline 0.007 -27"><span class='ocrx_word' id='word_1_26' title='bbox 169 463 325 527; x_wconf 83' lang='grc' dir='ltr'>Ἀσωπίων·</span> <span class='ocrx_word' id='word_1_27' title='bbox 347 466 424 528; x_wconf 78' lang='grc' dir='ltr'>οὗτοι</span> <span class='ocrx_word' id='word_1_28' title='bbox 437 469 466 528; x_wconf 86' lang='grc' dir='ltr'>δὲ</span> <span class='ocrx_word' id='word_1_29' title='bbox 479 467 552 548; x_wconf 80' lang='grc' dir='ltr'>αύτῷ</span> <span class='ocrx_word' id='word_1_30' title='bbox 564 469 617 545; x_wconf 72' lang='grc' dir='ltr'>τήν</span> <span class='ocrx_word' id='word_1_31' title='bbox 630 469 696 530; x_wconf 80' lang='grc' dir='ltr'>όδόν</span> <span class='ocrx_word' id='word_1_32' title='bbox 709 469 826 551; x_wconf 77' lang='grc' dir='ltr'>ἡγέοντο</span> <span class='ocrx_word' id='word_1_33' title='bbox 840 474 867 532; x_wconf 84' lang='grc' dir='ltr'>ἐς</span> <span class='ocrx_word' id='word_1_34' title='bbox 881 471 970 545; x_wconf 76' lang='grc' dir='ltr'>Σφεν-</span> 
     </span>
     <span class='ocr_line' id='line_1_6' title="bbox 170 552 970 638; baseline 0.006 -26"><span class='ocrx_word' id='word_1_35' title='bbox 170 552 279 618; x_wconf 85' lang='grc' dir='ltr'>δαλέας·</span> <span class='ocrx_word' id='word_1_36' title='bbox 310 557 433 616; x_wconf 83' lang='grc' dir='ltr'>ἐνθεῦτεν</span> <span class='ocrx_word' id='word_1_37' title='bbox 455 555 484 614; x_wconf 77' lang='grc' dir='ltr'>δὲ</span> <span class='ocrx_word' id='word_1_38' title='bbox 507 562 533 620; x_wconf 90' lang='grc' dir='ltr'>ἐς</span> <span class='ocrx_word' id='word_1_39' title='bbox 556 558 711 638; x_wconf 88' lang='grc' dir='ltr'>Τανάγρην·</span> <span class='ocrx_word' id='word_1_40' title='bbox 740 563 769 616; x_wconf 94' lang='grc' dir='ltr'>ἐν</span> <span class='ocrx_word' id='word_1_41' title='bbox 791 557 919 638; x_wconf 82' lang='grc' dir='ltr'>Τανάγρῃ</span> <span class='ocrx_word' id='word_1_42' title='bbox 941 557 970 617; x_wconf 84' lang='grc' dir='ltr'>δὲ</span> 
     </span>
     <span class='ocr_line' id='line_1_7' title="bbox 170 640 970 723; baseline 0.008 -25"><span class='ocrx_word' id='word_1_43' title='bbox 170 640 254 700; x_wconf 88' lang='grc' dir='ltr'>νύκτα</span> <span class='ocrx_word' id='word_1_44' title='bbox 275 643 499 720; x_wconf 74' lang='grc' dir='ltr'>ἐναυλισάμενος,</span> <span class='ocrx_word' id='word_1_45' title='bbox 525 645 570 702; x_wconf 83' lang='grc' dir='ltr'>καὶ</span> <span class='ocrx_word' id='word_1_46' title='bbox 590 644 762 720; x_wconf 87' lang='grc' dir='ltr'>τραπόμενος</span> <span class='ocrx_word' id='word_1_47' title='bbox 782 649 818 723; x_wconf 74' lang='grc' dir='ltr'>τῇ</span> <span class='ocrx_word' id='word_1_48' title='bbox 837 644 970 723; x_wconf 81' lang='grc' dir='ltr'>ύστεραίη</span> 
     </span>
     <span class='ocr_line' id='line_1_8' title="bbox 170 730 970 811; baseline 0.01 -25"><span class='ocrx_word' id='word_1_49' title='bbox 170 730 198 790; x_wconf 89' lang='grc' dir='ltr'>ἐς</span> <span class='ocrx_word' id='word_1_50' title='bbox 214 730 337 799; x_wconf 76' lang='grc' dir='ltr'>Σκῶλον,</span> <span class='ocrx_word' id='word_1_51' title='bbox 360 735 388 789; x_wconf 87' lang='grc' dir='ltr'>ἐν</span> <span class='ocrx_word' id='word_1_52' title='bbox 408 735 446 811; x_wconf 79' lang='grc' dir='ltr'>γῇ</span> <span class='ocrx_word' id='word_1_53' title='bbox 462 735 497 809; x_wconf 78' lang='grc' dir='ltr'>τῇ</span> <span class='ocrx_word' id='word_1_54' title='bbox 514 731 647 806; x_wconf 70' lang='grc' dir='ltr'>Θηβαίων</span> <span class='ocrx_word' id='word_1_55' title='bbox 663 730 706 806; x_wconf 86' lang='grc' dir='ltr'>ἦν·</span> <span class='ocrx_word' id='word_1_56' title='bbox 729 732 846 791; x_wconf 83' lang='grc' dir='ltr'>ἐνθαῦτα</span> <span class='ocrx_word' id='word_1_57' title='bbox 867 733 896 791; x_wconf 85' lang='grc' dir='ltr'>δὲ</span> <span class='ocrx_word' id='word_1_58' title='bbox 915 737 970 795; x_wconf 79' lang='grc' dir='ltr'>τῶν</span> 
     </span>
     <span class='ocr_line' id='line_1_9' title="bbox 170 817 971 896; baseline 0.009 -23"><span class='ocrx_word' id='word_1_59' title='bbox 170 817 302 892; x_wconf 77' lang='grc' dir='ltr'>Θηβαίων</span> <span class='ocrx_word' id='word_1_60' title='bbox 316 819 413 894; x_wconf 86' lang='grc' dir='ltr'>καίπερ</span> <span class='ocrx_word' id='word_1_61' title='bbox 427 817 595 894; x_wconf 68' lang='grc' dir='ltr'>μἠδιζόντων</span> <span class='ocrx_word' id='word_1_62' title='bbox 609 819 694 894; x_wconf 81' lang='grc' dir='ltr'>ἔκειρε</span> <span class='ocrx_word' id='word_1_63' title='bbox 706 817 771 879; x_wconf 78' lang='grc' dir='ltr'>τούς</span> <span class='ocrx_word' id='word_1_64' title='bbox 782 817 896 896; x_wconf 88' lang='grc' dir='ltr'>χιύρους,</span> <span class='ocrx_word' id='word_1_65' title='bbox 911 820 971 880; x_wconf 82' lang='grc' dir='ltr'>οὔτι</span> 
     </span>
     <span class='ocr_line' id='line_1_10' title="bbox 170 903 971 986; baseline 0.001 -22"><span class='ocrx_word' id='word_1_66' title='bbox 170 904 240 964; x_wconf 78' lang='grc' dir='ltr'>κατά</span> <span class='ocrx_word' id='word_1_67' title='bbox 268 905 349 983; x_wconf 82' lang='grc' dir='ltr'>ἔχθος</span> <span class='ocrx_word' id='word_1_68' title='bbox 376 904 471 976; x_wconf 77' lang='grc' dir='ltr'>αὐτῶν,</span> <span class='ocrx_word' id='word_1_69' title='bbox 502 903 567 964; x_wconf 74' lang='grc' dir='ltr'>ἄλλ’</span> <span class='ocrx_word' id='word_1_70' title='bbox 593 904 639 964; x_wconf 75' lang='grc' dir='ltr'>ὕπ’</span> <span class='ocrx_word' id='word_1_71' title='bbox 666 903 817 985; x_wconf 82' lang='grc' dir='ltr'>α’ναγκαίης</span> <span class='ocrx_word' id='word_1_72' title='bbox 845 907 971 986; x_wconf 75' lang='grc' dir='ltr'>μεγάλης</span> 
     </span>
     <span class='ocr_line' id='line_1_11' title="bbox 171 990 971 1071; baseline 0 -21"><span class='ocrx_word' id='word_1_73' title='bbox 171 991 311 1071; x_wconf 86' lang='grc' dir='ltr'>ἐχόμενος.</span> <span class='ocrx_word' id='word_1_74' title='bbox 351 991 527 1069; x_wconf 86' lang='grc' dir='ltr'>βουλόμενος</span> <span class='ocrx_word' id='word_1_75' title='bbox 548 990 634 1069; x_wconf 81' lang='grc' dir='ltr'>ἔρυμά</span> <span class='ocrx_word' id='word_1_76' title='bbox 653 1018 685 1052; x_wconf 90' lang='grc' dir='ltr'>τε</span> <span class='ocrx_word' id='word_1_77' title='bbox 704 996 742 1071; x_wconf 77' lang='grc' dir='ltr'>τῷ</span> <span class='ocrx_word' id='word_1_78' title='bbox 762 996 873 1070; x_wconf 74' lang='grc' dir='ltr'>στρατῷ</span> <span class='ocrx_word' id='word_1_79' title='bbox 892 993 971 1070; x_wconf 83' lang='grc' dir='ltr'>ποιή-</span> 
     </span>
     <span class='ocr_line' id='line_1_12' title="bbox 171 1078 971 1157; baseline 0.005 -19"><span class='ocrx_word' id='word_1_80' title='bbox 171 1081 287 1153; x_wconf 88' lang='grc' dir='ltr'>σασθαι,</span> <span class='ocrx_word' id='word_1_81' title='bbox 302 1081 347 1138; x_wconf 84' lang='grc' dir='ltr'>καὶ</span> <span class='ocrx_word' id='word_1_82' title='bbox 359 1078 394 1155; x_wconf 83' lang='grc' dir='ltr'>ἢν</span> <span class='ocrx_word' id='word_1_83' title='bbox 412 1079 593 1157; x_wconf 88' lang='grc' dir='ltr'>συμβαλόντι</span> <span class='ocrx_word' id='word_1_84' title='bbox 601 1083 633 1139; x_wconf 79' lang='grc' dir='ltr'>οἱ</span> <span class='ocrx_word' id='word_1_85' title='bbox 649 1079 824 1157; x_wconf 67' lang='grc' dir='ltr'>μήιέκβαίνη</span> <span class='ocrx_word' id='word_1_86' title='bbox 839 1079 931 1140; x_wconf 81' lang='grc' dir='ltr'>ὁκοῖόν</span> <span class='ocrx_word' id='word_1_87' title='bbox 943 1107 971 1142; x_wconf 89' lang='grc' dir='ltr'>τι</span> 
     </span>
     <span class='ocr_line' id='line_1_13' title="bbox 171 1168 971 1250; baseline 0.003 -24"><span class='ocrx_word' id='word_1_88' title='bbox 171 1168 271 1239; x_wconf 81' lang='grc' dir='ltr'>ἐθέλοι,</span> <span class='ocrx_word' id='word_1_89' title='bbox 299 1168 494 1250; x_wconf 82' lang='grc' dir='ltr'>κρησφύγετον</span> <span class='ocrx_word' id='word_1_90' title='bbox 520 1174 603 1228; x_wconf 83' lang='grc' dir='ltr'>τοῦτο</span> <span class='ocrx_word' id='word_1_91' title='bbox 634 1170 765 1228; x_wconf 89' lang='grc' dir='ltr'>ἐποιέετο.</span> <span class='ocrx_word' id='word_1_92' title='bbox 787 1171 914 1247; x_wconf 81' lang='grc' dir='ltr'>Ιπαρῆκε</span> <span class='ocrx_word' id='word_1_93' title='bbox 941 1169 971 1228; x_wconf 85' lang='grc' dir='ltr'>δὲ</span> 
     </span>
     <span class='ocr_line' id='line_1_14' title="bbox 171 1254 971 1334; baseline 0.006 -21"><span class='ocrx_word' id='word_1_94' title='bbox 171 1254 256 1315; x_wconf 83' lang='grc' dir='ltr'>αύτοῦ</span> <span class='ocrx_word' id='word_1_95' title='bbox 278 1256 310 1316; x_wconf 84' lang='grc' dir='ltr'>τδ</span> <span class='ocrx_word' id='word_1_96' title='bbox 338 1256 527 1333; x_wconf 87' lang='grc' dir='ltr'>στρατόπεδον</span> <span class='ocrx_word' id='word_1_97' title='bbox 553 1255 707 1334; x_wconf 78' lang='grc' dir='ltr'>ἀρξάμενον</span> <span class='ocrx_word' id='word_1_98' title='bbox 734 1254 790 1314; x_wconf 82' lang='grc' dir='ltr'>άπὸ</span> <span class='ocrx_word' id='word_1_99' title='bbox 817 1254 971 1333; x_wconf 85' lang='grc' dir='ltr'>Ἐρυθρέων</span> 
     </span>
     <span class='ocr_line' id='line_1_15' title="bbox 170 1343 969 1424; baseline 0 -22"><span class='ocrx_word' id='word_1_100' title='bbox 170 1343 246 1420; x_wconf 80' lang='grc' dir='ltr'>παρά</span> <span class='ocrx_word' id='word_1_101' title='bbox 265 1343 372 1407; x_wconf 81' lang='grc' dir='ltr'>Ὑσιάς·</span> <span class='ocrx_word' id='word_1_102' title='bbox 402 1347 537 1404; x_wconf 86' lang='grc' dir='ltr'>κατέτεινε</span> <span class='ocrx_word' id='word_1_103' title='bbox 558 1343 587 1402; x_wconf 80' lang='grc' dir='ltr'>δὲ</span> <span class='ocrx_word' id='word_1_104' title='bbox 608 1350 635 1407; x_wconf 90' lang='grc' dir='ltr'>ἐς</span> <span class='ocrx_word' id='word_1_105' title='bbox 654 1343 706 1419; x_wconf 79' lang='grc' dir='ltr'>τὴν</span> <span class='ocrx_word' id='word_1_106' title='bbox 727 1343 887 1403; x_wconf 77' lang='grc' dir='ltr'>Πλαταιίδα</span> <span class='ocrx_word' id='word_1_107' title='bbox 907 1348 969 1424; x_wconf 78' lang='grc' dir='ltr'>γῆν,</span> 
     </span>
     <span class='ocr_line' id='line_1_16' title="bbox 170 1429 969 1512; baseline 0.003 -22"><span class='ocrx_word' id='word_1_108' title='bbox 170 1431 246 1509; x_wconf 79' lang='grc' dir='ltr'>παρά</span> <span class='ocrx_word' id='word_1_109' title='bbox 266 1433 314 1492; x_wconf 80' lang='grc' dir='ltr'>τόν</span> <span class='ocrx_word' id='word_1_110' title='bbox 333 1431 465 1492; x_wconf 83' lang='grc' dir='ltr'>Ἀσωπὸν</span> <span class='ocrx_word' id='word_1_111' title='bbox 484 1430 611 1507; x_wconf 79' lang='grc' dir='ltr'>ποταμόν</span> <span class='ocrx_word' id='word_1_112' title='bbox 631 1433 808 1512; x_wconf 84' lang='grc' dir='ltr'>τεταγμένον·</span> <span class='ocrx_word' id='word_1_113' title='bbox 830 1429 862 1490; x_wconf 86' lang='grc' dir='ltr'>ού</span> <span class='ocrx_word' id='word_1_114' title='bbox 874 1432 969 1508; x_wconf 90' lang='grc' dir='ltr'>μέντοι</span> 
     </span>
     <span class='ocr_line' id='line_1_17' title="bbox 170 1517 969 1600; baseline 0 -22"><span class='ocrx_word' id='word_1_115' title='bbox 170 1517 204 1578; x_wconf 86' lang='grc' dir='ltr'>τύ</span> <span class='ocrx_word' id='word_1_116' title='bbox 222 1545 255 1600; x_wconf 88' lang='grc' dir='ltr'>γε</span> <span class='ocrx_word' id='word_1_117' title='bbox 274 1522 366 1598; x_wconf 85' lang='grc' dir='ltr'>τεῖχος</span> <span class='ocrx_word' id='word_1_118' title='bbox 386 1523 522 1581; x_wconf 78' lang='grc' dir='ltr'>τοσοῦτον</span> <span class='ocrx_word' id='word_1_119' title='bbox 543 1519 674 1590; x_wconf 90' lang='grc' dir='ltr'>ἐποιέετο,</span> <span class='ocrx_word' id='word_1_120' title='bbox 696 1517 761 1578; x_wconf 75' lang='grc' dir='ltr'>ἀλλ’</span> <span class='ocrx_word' id='word_1_121' title='bbox 782 1518 818 1582; x_wconf 83' lang='grc' dir='ltr'>ὦς</span> <span class='ocrx_word' id='word_1_122' title='bbox 838 1519 884 1578; x_wconf 79' lang='grc' dir='ltr'>ἐπὶ</span> <span class='ocrx_word' id='word_1_123' title='bbox 904 1519 969 1578; x_wconf 84' lang='grc' dir='ltr'>δέκα</span> 
     </span>
     <span class='ocr_line' id='line_1_18' title="bbox 171 1607 767 1684; baseline 0 -18"><span class='ocrx_word' id='word_1_124' title='bbox 171 1607 299 1670; x_wconf 85' lang='grc' dir='ltr'>σταδίους</span> <span class='ocrx_word' id='word_1_125' title='bbox 310 1607 438 1684; x_wconf 79' lang='grc' dir='ltr'>μάλιστά</span> <span class='ocrx_word' id='word_1_126' title='bbox 452 1634 486 1684; x_wconf 88' lang='grc' dir='ltr'>κη</span> <span class='ocrx_word' id='word_1_127' title='bbox 500 1609 628 1684; x_wconf 87' lang='grc' dir='ltr'>μέτωπον</span> <span class='ocrx_word' id='word_1_128' title='bbox 642 1608 767 1668; x_wconf 79' lang='grc' dir='ltr'>ἕκαστον.</span> 
     </span>
    </p>

    <p class='ocr_par' dir='ltr' id='par_1_2' title="bbox 167 1693 1023 3350">
     <span class='ocr_line' id='line_1_19' title="bbox 209 1693 1023 1773; baseline 0.001 -20"><span class='ocrx_word' id='word_1_129' title='bbox 209 1693 346 1773; x_wconf 82' lang='grc' dir='ltr'>Ἐχόντων</span> <span class='ocrx_word' id='word_1_130' title='bbox 373 1695 402 1754; x_wconf 82' lang='grc' dir='ltr'>δὲ</span> <span class='ocrx_word' id='word_1_131' title='bbox 428 1696 477 1755; x_wconf 86' lang='grc' dir='ltr'>πόν</span> <span class='ocrx_word' id='word_1_132' title='bbox 497 1696 583 1756; x_wconf 89' lang='grc' dir='ltr'>πόνον</span> <span class='ocrx_word' id='word_1_133' title='bbox 602 1698 701 1756; x_wconf 82' lang='grc' dir='ltr'>τοῦτον</span> <span class='ocrx_word' id='word_1_134' title='bbox 721 1698 776 1755; x_wconf 82' lang='grc' dir='ltr'>τῶν</span> <span class='ocrx_word' id='word_1_135' title='bbox 802 1695 1023 1773; x_wconf 76' lang='grc' dir='ltr'>βαρβάρων,16,</span> 
     </span>
     <span class='ocr_line' id='line_1_20' title="bbox 169 1781 969 1862; baseline -0.001 -21"><span class='ocrx_word' id='word_1_136' title='bbox 169 1781 329 1862; x_wconf 83' lang='grc' dir='ltr'>Ἀτταγῖνος</span> <span class='ocrx_word' id='word_1_137' title='bbox 349 1781 365 1840; x_wconf 80' lang='grc' dir='ltr'><em>ὅ</em></span> <span class='ocrx_word' id='word_1_138' title='bbox 385 1781 535 1858; x_wconf 83' lang='grc' dir='ltr'>Φρύνωνος,</span> <span class='ocrx_word' id='word_1_139' title='bbox 550 1781 619 1858; x_wconf 75' lang='grc' dir='ltr'>άνηρ</span> <span class='ocrx_word' id='word_1_140' title='bbox 641 1785 776 1858; x_wconf 84' lang='grc' dir='ltr'>Θηβαῖος,</span> <span class='ocrx_word' id='word_1_141' title='bbox 793 1808 969 1859; x_wconf 88' lang='grc' dir='ltr'>παρασκευα·</span> 
     </span>
     <span class='ocr_line' id='line_1_21' title="bbox 169 1867 969 1946; baseline -0.003 -18"><span class='ocrx_word' id='word_1_142' title='bbox 169 1869 290 1944; x_wconf 90' lang='grc' dir='ltr'>σάμενος</span> <span class='ocrx_word' id='word_1_143' title='bbox 309 1868 444 1946; x_wconf 86' lang='grc' dir='ltr'>μεγάλως,</span> <span class='ocrx_word' id='word_1_144' title='bbox 460 1869 556 1926; x_wconf 79' lang='grc' dir='ltr'>ἐκάλεε</span> <span class='ocrx_word' id='word_1_145' title='bbox 577 1871 622 1926; x_wconf 87' lang='grc' dir='ltr'>ἐπὶ</span> <span class='ocrx_word' id='word_1_146' title='bbox 643 1870 727 1936; x_wconf 84' lang='grc' dir='ltr'>ξείνια</span> <span class='ocrx_word' id='word_1_147' title='bbox 747 1867 830 1926; x_wconf 72' lang='grc' dir='ltr'>αὐτόν</span> <span class='ocrx_word' id='word_1_148' title='bbox 843 1893 873 1927; x_wconf 88' lang='grc' dir='ltr'>τε</span> <span class='ocrx_word' id='word_1_149' title='bbox 890 1875 969 1945; x_wconf 90' lang='grc' dir='ltr'>Μαρ-</span> 
     </span>
     <span class='ocr_line' id='line_1_22' title="bbox 170 1952 969 2032; baseline 0 -20"><span class='ocrx_word' id='word_1_150' title='bbox 170 1954 260 2012; x_wconf 88' lang='grc' dir='ltr'>δόνιον</span> <span class='ocrx_word' id='word_1_151' title='bbox 274 1954 320 2011; x_wconf 82' lang='grc' dir='ltr'>καὶ</span> <span class='ocrx_word' id='word_1_152' title='bbox 332 1954 503 2028; x_wconf 80' lang='grc' dir='ltr'>πεντήκοντα</span> <span class='ocrx_word' id='word_1_153' title='bbox 520 1955 654 2029; x_wconf 88' lang='grc' dir='ltr'>Περσέων</span> <span class='ocrx_word' id='word_1_154' title='bbox 671 1954 736 2016; x_wconf 78' lang='grc' dir='ltr'>τούς</span> <span class='ocrx_word' id='word_1_155' title='bbox 753 1952 969 2032; x_wconf 81' lang='grc' dir='ltr'>λογιμωτάτους·</span> 
     </span>
     <span class='ocr_line' id='line_1_23' title="bbox 169 2037 969 2115; baseline 0.003 -17"><span class='ocrx_word' id='word_1_156' title='bbox 169 2041 317 2115; x_wconf 90' lang='grc' dir='ltr'>κληθέντες</span> <span class='ocrx_word' id='word_1_157' title='bbox 334 2041 363 2097; x_wconf 86' lang='grc' dir='ltr'>δὲ</span> <span class='ocrx_word' id='word_1_158' title='bbox 379 2037 456 2098; x_wconf 77' lang='grc' dir='ltr'>οὗτοι</span> <span class='ocrx_word' id='word_1_159' title='bbox 473 2040 581 2099; x_wconf 86' lang='grc' dir='ltr'>ἐποντο·</span> <span class='ocrx_word' id='word_1_160' title='bbox 602 2039 637 2115; x_wconf 85' lang='grc' dir='ltr'>ἦν</span> <span class='ocrx_word' id='word_1_161' title='bbox 655 2039 684 2098; x_wconf 87' lang='grc' dir='ltr'>δέ</span> <span class='ocrx_word' id='word_1_162' title='bbox 703 2039 736 2099; x_wconf 80' lang='grc' dir='ltr'>τά</span> <span class='ocrx_word' id='word_1_163' title='bbox 756 2040 865 2100; x_wconf 82' lang='grc' dir='ltr'>δεῖπνον</span> <span class='ocrx_word' id='word_1_164' title='bbox 878 2041 969 2100; x_wconf 87' lang='grc' dir='ltr'>ποιεύ-</span> 
     </span>
     <span class='ocr_line' id='line_1_24' title="bbox 168 2127 970 2205; baseline 0.005 -20"><span class='ocrx_word' id='word_1_165' title='bbox 168 2151 252 2203; x_wconf 90' lang='grc' dir='ltr'>μενον</span> <span class='ocrx_word' id='word_1_166' title='bbox 273 2133 301 2186; x_wconf 90' lang='grc' dir='ltr'>ἐν</span> <span class='ocrx_word' id='word_1_167' title='bbox 320 2127 446 2205; x_wconf 79' lang='grc' dir='ltr'>Θήβῃσι.</span> <span class='ocrx_word' id='word_1_168' title='bbox 487 2127 523 2186; x_wconf 82' lang='grc' dir='ltr'>τά</span> <span class='ocrx_word' id='word_1_169' title='bbox 540 2128 569 2186; x_wconf 82' lang='grc' dir='ltr'>δὲ</span> <span class='ocrx_word' id='word_1_170' title='bbox 589 2127 642 2204; x_wconf 83' lang='grc' dir='ltr'>ἤδη</span> <span class='ocrx_word' id='word_1_171' title='bbox 662 2127 699 2188; x_wconf 80' lang='grc' dir='ltr'>τά</span> <span class='ocrx_word' id='word_1_172' title='bbox 718 2129 850 2186; x_wconf 86' lang='grc' dir='ltr'>ἐπίλοιπα</span> <span class='ocrx_word' id='word_1_173' title='bbox 868 2127 970 2204; x_wconf 86' lang='grc' dir='ltr'>ἤκουον</span> 
     </span>
     <span class='ocr_line' id='line_1_25' title="bbox 169 2213 970 2296; baseline 0.004 -23"><span class='ocrx_word' id='word_1_174' title='bbox 169 2214 354 2293; x_wconf 85' lang='grc' dir='ltr'>Θερσάνδρου,</span> <span class='ocrx_word' id='word_1_175' title='bbox 369 2213 467 2291; x_wconf 81' lang='grc' dir='ltr'>άνδρὸς</span> <span class='ocrx_word' id='word_1_176' title='bbox 485 2217 536 2291; x_wconf 73' lang='grc' dir='ltr'>μὲν</span> <span class='ocrx_word' id='word_1_177' title='bbox 554 2214 747 2294; x_wconf 84' lang='grc' dir='ltr'>Ὀρχομενίου,</span> <span class='ocrx_word' id='word_1_178' title='bbox 767 2217 886 2296; x_wconf 88' lang='grc' dir='ltr'>λογίμου</span> <span class='ocrx_word' id='word_1_179' title='bbox 899 2216 929 2275; x_wconf 78' lang='grc' dir='ltr'>δὲ</span> <span class='ocrx_word' id='word_1_180' title='bbox 943 2223 970 2280; x_wconf 90' lang='grc' dir='ltr'>ἐς</span> 
     </span>
     <span class='ocr_line' id='line_1_26' title="bbox 168 2301 970 2382; baseline 0.001 -19"><span class='ocrx_word' id='word_1_181' title='bbox 168 2301 203 2363; x_wconf 81' lang='grc' dir='ltr'>τά</span> <span class='ocrx_word' id='word_1_182' title='bbox 216 2305 312 2379; x_wconf 74' lang='grc' dir='ltr'>πρῶτα</span> <span class='ocrx_word' id='word_1_183' title='bbox 326 2308 355 2363; x_wconf 91' lang='grc' dir='ltr'>ἐν</span> <span class='ocrx_word' id='word_1_184' title='bbox 371 2301 541 2382; x_wconf 81' lang='grc' dir='ltr'>Ὀρχομενῷ·</span> <span class='ocrx_word' id='word_1_185' title='bbox 564 2305 617 2380; x_wconf 82' lang='grc' dir='ltr'>ἔφη</span> <span class='ocrx_word' id='word_1_186' title='bbox 637 2304 665 2362; x_wconf 81' lang='grc' dir='ltr'>δὲ</span> <span class='ocrx_word' id='word_1_187' title='bbox 681 2303 697 2363; x_wconf 81' lang='grc' dir='ltr'>ὁ</span> <span class='ocrx_word' id='word_1_188' title='bbox 714 2303 889 2380; x_wconf 85' lang='grc' dir='ltr'>Θέρσανδρος</span> <span class='ocrx_word' id='word_1_189' title='bbox 903 2309 970 2382; x_wconf 93' lang='grc' dir='ltr'>κλη-</span> 
     </span>
     <span class='ocr_line' id='line_1_27' title="bbox 169 2390 967 2472; baseline 0 -20"><span class='ocrx_word' id='word_1_190' title='bbox 169 2393 250 2468; x_wconf 83' lang='grc' dir='ltr'>θῆναι</span> <span class='ocrx_word' id='word_1_191' title='bbox 264 2394 309 2450; x_wconf 84' lang='grc' dir='ltr'>καὶ</span> <span class='ocrx_word' id='word_1_192' title='bbox 320 2392 402 2455; x_wconf 82' lang='grc' dir='ltr'>αύτδς</span> <span class='ocrx_word' id='word_1_193' title='bbox 411 2390 466 2451; x_wconf 77' lang='grc' dir='ltr'>ὖπὸ</span> <span class='ocrx_word' id='word_1_194' title='bbox 476 2391 640 2472; x_wconf 88' lang='grc' dir='ltr'>Ἀτταγίνου</span> <span class='ocrx_word' id='word_1_195' title='bbox 652 2392 697 2450; x_wconf 81' lang='grc' dir='ltr'>ἐπὶ</span> <span class='ocrx_word' id='word_1_196' title='bbox 707 2390 739 2452; x_wconf 76' lang='grc' dir='ltr'>τά</span> <span class='ocrx_word' id='word_1_197' title='bbox 754 2391 862 2451; x_wconf 82' lang='grc' dir='ltr'>δεῖπνον</span> <span class='ocrx_word' id='word_1_198' title='bbox 875 2397 967 2452; x_wconf 81' lang='grc' dir='ltr'>τοῦτο·</span> 
     </span>
     <span class='ocr_line' id='line_1_28' title="bbox 168 2479 973 2557; baseline 0.005 -21"><span class='ocrx_word' id='word_1_199' title='bbox 168 2481 305 2554; x_wconf 79' lang='grc' dir='ltr'>κληθῆναι</span> <span class='ocrx_word' id='word_1_200' title='bbox 326 2481 356 2539; x_wconf 81' lang='grc' dir='ltr'>δὲ</span> <span class='ocrx_word' id='word_1_201' title='bbox 378 2480 423 2538; x_wconf 86' lang='grc' dir='ltr'>καὶ</span> <span class='ocrx_word' id='word_1_202' title='bbox 442 2481 574 2556; x_wconf 84' lang='grc' dir='ltr'>Θηβαίων</span> <span class='ocrx_word' id='word_1_203' title='bbox 596 2479 695 2557; x_wconf 74' lang='grc' dir='ltr'>ἄνδρας</span> <span class='ocrx_word' id='word_1_204' title='bbox 711 2479 891 2554; x_wconf 87' lang='grc' dir='ltr'>πεντήκοντα·</span> <span class='ocrx_word' id='word_1_205' title='bbox 923 2481 973 2540; x_wconf 91' lang='grc' dir='ltr'>καί</span> 
     </span>
     <span class='ocr_line' id='line_1_29' title="bbox 168 2566 969 2646; baseline 0.005 -22"><span class='ocrx_word' id='word_1_206' title='bbox 168 2572 265 2641; x_wconf 83' lang='grc' dir='ltr'>σφεων</span> <span class='ocrx_word' id='word_1_207' title='bbox 274 2566 306 2625; x_wconf 85' lang='grc' dir='ltr'>ού</span> <span class='ocrx_word' id='word_1_208' title='bbox 315 2568 398 2646; x_wconf 81' lang='grc' dir='ltr'>χωρὶς</span> <span class='ocrx_word' id='word_1_209' title='bbox 409 2570 552 2645; x_wconf 88' lang='grc' dir='ltr'>ἐκατέρους</span> <span class='ocrx_word' id='word_1_210' title='bbox 562 2571 661 2640; x_wconf 82' lang='grc' dir='ltr'>κλῖναι,</span> <span class='ocrx_word' id='word_1_211' title='bbox 671 2567 748 2627; x_wconf 86' lang='grc' dir='ltr'>άλλά</span> <span class='ocrx_word' id='word_1_212' title='bbox 758 2569 874 2645; x_wconf 87' lang='grc' dir='ltr'>Πέρσην</span> <span class='ocrx_word' id='word_1_213' title='bbox 884 2595 915 2629; x_wconf 92' lang='grc' dir='ltr'>τε</span> <span class='ocrx_word' id='word_1_214' title='bbox 924 2570 969 2628; x_wconf 85' lang='grc' dir='ltr'>καὶ</span> 
     </span>
     <span class='ocr_line' id='line_1_30' title="bbox 168 2655 968 2734; baseline 0.008 -24"><span class='ocrx_word' id='word_1_215' title='bbox 168 2655 297 2728; x_wconf 81' lang='grc' dir='ltr'>Θηβαῖον</span> <span class='ocrx_word' id='word_1_216' title='bbox 311 2660 339 2714; x_wconf 91' lang='grc' dir='ltr'>ἐν</span> <span class='ocrx_word' id='word_1_217' title='bbox 353 2655 433 2733; x_wconf 81' lang='grc' dir='ltr'>κλίνη</span> <span class='ocrx_word' id='word_1_218' title='bbox 447 2657 560 2734; x_wconf 80' lang='grc' dir='ltr'>ἑκάστη·</span> <span class='ocrx_word' id='word_1_219' title='bbox 595 2656 630 2719; x_wconf 76' lang='grc' dir='ltr'>οἷς</span> <span class='ocrx_word' id='word_1_220' title='bbox 643 2656 672 2714; x_wconf 78' lang='grc' dir='ltr'>δὲ</span> <span class='ocrx_word' id='word_1_221' title='bbox 685 2655 742 2715; x_wconf 77' lang='grc' dir='ltr'>άπὸ</span> <span class='ocrx_word' id='word_1_222' title='bbox 761 2656 872 2717; x_wconf 83' lang='grc' dir='ltr'>δείπνου</span> <span class='ocrx_word' id='word_1_223' title='bbox 885 2657 968 2732; x_wconf 86' lang='grc' dir='ltr'>ἦσαν,</span> 
     </span>
     <span class='ocr_line' id='line_1_31' title="bbox 169 2739 970 2821; baseline 0.006 -24"><span class='ocrx_word' id='word_1_224' title='bbox 169 2739 355 2810; x_wconf 86' lang='grc' dir='ltr'>διαπινόντων,</span> <span class='ocrx_word' id='word_1_225' title='bbox 376 2742 425 2802; x_wconf 77' lang='grc' dir='ltr'>τόν</span> <span class='ocrx_word' id='word_1_226' title='bbox 446 2744 563 2820; x_wconf 81' lang='grc' dir='ltr'>Πέρσην</span> <span class='ocrx_word' id='word_1_227' title='bbox 588 2744 637 2804; x_wconf 79' lang='grc' dir='ltr'>τᾶν</span> <span class='ocrx_word' id='word_1_228' title='bbox 664 2743 821 2821; x_wconf 79' lang='grc' dir='ltr'>ὁμόκλινον,</span> <span class='ocrx_word' id='word_1_229' title='bbox 843 2743 970 2802; x_wconf 86' lang='grc' dir='ltr'>Ἑλλάδα</span> 
     </span>
     <span class='ocr_line' id='line_1_32' title="bbox 167 2829 967 2908; baseline 0.006 -23"><span class='ocrx_word' id='word_1_230' title='bbox 167 2831 306 2907; x_wconf 80' lang='grc' dir='ltr'>γλῶσσαν</span> <span class='ocrx_word' id='word_1_231' title='bbox 340 2829 422 2899; x_wconf 82' lang='grc' dir='ltr'>ἱέντα,</span> <span class='ocrx_word' id='word_1_232' title='bbox 451 2831 574 2908; x_wconf 82' lang='grc' dir='ltr'>εἴρεσθαι</span> <span class='ocrx_word' id='word_1_233' title='bbox 605 2830 690 2891; x_wconf 76' lang='grc' dir='ltr'>αὐτόν</span> <span class='ocrx_word' id='word_1_234' title='bbox 719 2830 860 2894; x_wconf 82' lang='grc' dir='ltr'>ὁποδαπός</span> <span class='ocrx_word' id='word_1_235' title='bbox 890 2836 967 2900; x_wconf 90' lang='grc' dir='ltr'>ἐστι;</span> 
     </span>
     <span class='ocr_line' id='line_1_33' title="bbox 168 2913 969 2997; baseline 0.006 -26"><span class='ocrx_word' id='word_1_236' title='bbox 168 2913 251 2977; x_wconf 82' lang='grc' dir='ltr'>αύτός</span> <span class='ocrx_word' id='word_1_237' title='bbox 271 2915 300 2973; x_wconf 78' lang='grc' dir='ltr'>δὲ</span> <span class='ocrx_word' id='word_1_238' title='bbox 320 2915 523 2993; x_wconf 81' lang='grc' dir='ltr'>ύποκρίνασθαι</span> <span class='ocrx_word' id='word_1_239' title='bbox 543 2917 578 2982; x_wconf 70' lang='grc' dir='ltr'>οἷς</span> <span class='ocrx_word' id='word_1_240' title='bbox 594 2919 635 2994; x_wconf 80' lang='grc' dir='ltr'>εἴη</span> <span class='ocrx_word' id='word_1_241' title='bbox 653 2917 845 2997; x_wconf 84' lang='grc' dir='ltr'>Ὀρχομένιος·</span> <span class='ocrx_word' id='word_1_242' title='bbox 872 2918 922 2978; x_wconf 84' lang='grc' dir='ltr'>τὸν</span> <span class='ocrx_word' id='word_1_243' title='bbox 939 2918 969 2976; x_wconf 83' lang='grc' dir='ltr'>δὲ</span> 
     </span>
     <span class='ocr_line' id='line_1_34' title="bbox 169 3004 970 3083; baseline 0.011 -24"><span class='ocrx_word' id='word_1_244' title='bbox 169 3005 264 3061; x_wconf 84' lang='grc' dir='ltr'>εἰπεῖν·</span> <span class='ocrx_word' id='word_1_245' title='bbox 280 3012 297 3038; x_wconf 89' lang='lat'><strong>“</strong></span> <span class='ocrx_word' id='word_1_246' title='bbox 306 3005 365 3062; x_wconf 84' lang='grc' dir='ltr'>ἐπεὶ</span> <span class='ocrx_word' id='word_1_247' title='bbox 375 3007 423 3063; x_wconf 83' lang='grc' dir='ltr'>νῦν</span> <span class='ocrx_word' id='word_1_248' title='bbox 436 3004 624 3083; x_wconf 80' lang='grc' dir='ltr'>ὁμοτράπεζός</span> <span class='ocrx_word' id='word_1_249' title='bbox 634 3007 666 3066; x_wconf 89' lang='grc' dir='ltr'>τέ</span> <span class='ocrx_word' id='word_1_250' title='bbox 678 3032 726 3083; x_wconf 89' lang='grc' dir='ltr'>μοι</span> <span class='ocrx_word' id='word_1_251' title='bbox 738 3007 783 3064; x_wconf 84' lang='grc' dir='ltr'>καὶ</span> <span class='ocrx_word' id='word_1_252' title='bbox 794 3005 970 3083; x_wconf 80' lang='grc' dir='ltr'>ὁμόσπονδος</span> 
     </span>
     <span class='ocr_line' id='line_1_35' title="bbox 169 3090 970 3175; baseline 0.004 -26"><span class='ocrx_word' id='word_1_253' title='bbox 169 3090 271 3171; x_wconf 86' lang='grc' dir='ltr'>ἐγένεο,</span> <span class='ocrx_word' id='word_1_254' title='bbox 285 3091 451 3169; x_wconf 88' lang='grc' dir='ltr'>μνημόσυνά</span> <span class='ocrx_word' id='word_1_255' title='bbox 470 3119 514 3152; x_wconf 90' lang='grc' dir='ltr'>τοι</span> <span class='ocrx_word' id='word_1_256' title='bbox 533 3094 644 3175; x_wconf 81' lang='grc' dir='ltr'>γνώμης</span> <span class='ocrx_word' id='word_1_257' title='bbox 662 3098 712 3169; x_wconf 75' lang='grc' dir='ltr'>τῆς</span> <span class='ocrx_word' id='word_1_258' title='bbox 733 3099 801 3170; x_wconf 82' lang='grc' dir='ltr'>ἐμῆς</span> <span class='ocrx_word' id='word_1_259' title='bbox 822 3093 970 3152; x_wconf 88' lang='grc' dir='ltr'>καταλιπέ-</span> 
     </span>
     <span class='ocr_line' id='line_1_36' title="bbox 168 3178 970 3259; baseline 0.005 -22"><span class='ocrx_word' id='word_1_260' title='bbox 168 3178 238 3238; x_wconf 88' lang='grc' dir='ltr'>σθαι</span> <span class='ocrx_word' id='word_1_261' title='bbox 259 3178 340 3249; x_wconf 85' lang='grc' dir='ltr'>θέλω,</span> <span class='ocrx_word' id='word_1_262' title='bbox 365 3181 409 3241; x_wconf 85' lang='grc' dir='ltr'>ἶνα</span> <span class='ocrx_word' id='word_1_263' title='bbox 430 3181 476 3240; x_wconf 88' lang='grc' dir='ltr'>καὶ</span> <span class='ocrx_word' id='word_1_264' title='bbox 496 3181 630 3259; x_wconf 67' lang='grc' dir='ltr'>προειδοδς</span> <span class='ocrx_word' id='word_1_265' title='bbox 651 3179 732 3245; x_wconf 81' lang='grc' dir='ltr'>αύτός</span> <span class='ocrx_word' id='word_1_266' title='bbox 758 3181 822 3258; x_wconf 81' lang='grc' dir='ltr'>περὶ</span> <span class='ocrx_word' id='word_1_267' title='bbox 849 3183 970 3241; x_wconf 83' lang='grc' dir='ltr'>σεωυτοῦ</span> 
     </span>
     <span class='ocr_line' id='line_1_37' title="bbox 168 3265 971 3350; baseline 0.009 -24"><span class='ocrx_word' id='word_1_268' title='bbox 168 3265 360 3341; x_wconf 86' lang='grc' dir='ltr'>βουλεύεσθαι</span> <span class='ocrx_word' id='word_1_269' title='bbox 386 3269 451 3350; x_wconf 80' lang='grc' dir='ltr'>ἔχῃς</span> <span class='ocrx_word' id='word_1_270' title='bbox 476 3269 512 3329; x_wconf 79' lang='grc' dir='ltr'>τά</span> <span class='ocrx_word' id='word_1_271' title='bbox 535 3269 725 3347; x_wconf 80' lang='grc' dir='ltr'>συμφέροντα·</span> <span class='ocrx_word' id='word_1_272' title='bbox 766 3268 833 3348; x_wconf 75' lang='grc' dir='ltr'>ὁρᾷς</span> <span class='ocrx_word' id='word_1_273' title='bbox 858 3267 971 3333; x_wconf 86' lang='grc' dir='ltr'>τούτους</span> 
     </span>
    </p>
   </div>
   <div class='ocr_carea' id='block_1_2' title="bbox 0 0 1144 3432">
    <p class='ocr_par' dir='ltr' id='par_1_3' title="bbox 0 0 1144 3432">
     <span class='ocr_line' id='line_1_38' title="bbox 0 0 1144 3432; baseline 0 0"><span class='ocrx_word' id='word_1_274' title='bbox 0 0 1144 3432; x_wconf 95' lang='lat' dir='ltr'> </span> 
     </span>
    </p>
   </div>
  </div>
 </body>
</html>
