2294 3430
129 175 130 178 Ἴ
192 108 334 172 120-125]
536 109 649 160 nmo.
941 111 991 160 ιω

191 191 345 265 Ἀθηναίων
364 189 414 251 τόν
434 189 539 266 ἑκάστη
558 191 651 252 ἐθέλοι
670 189 757 268 ἀνδρα
775 193 862 271 ἐωυπῇ
881 191 992 262 ἐκλέξα-
1054 253 1059 260 ,

192 277 261 335 σθαι
275 275 454 357 ἔδωκε’τούτῳ
468 282 506 356 τῷ
519 277 605 355 ἀνδρί.
642 279 701 338 Καὶ
715 281 741 338 οἱ
754 276 970 356 Ἀλκμαιωνίδαι
981 280 1038 339 123

193 363 300 438 ὁμοίως,
314 361 333 440 ἦ
349 364 427 425 οὐδὲν
447 364 542 440 ἧσσον
561 367 670 436 τούτου,
687 365 762 442 ἦσαν
782 366 991 444 μισοτύραννοι·

193 451 271 528 θιδμα
292 451 328 512 ὧν
348 478 406 529 μοι,
421 454 467 512 καὶ
488 453 528 512 ούι
535 455 688 531 προσίεμαι
701 453 753 531 τὴν
767 453 915 531 διαβολὴν,
929 453 992 515 τού-

190 565 254 603 τους
277 567 311 622 γε
335 541 464 610 ἀναδέξαι
490 540 598 602 ἀσπίδα
622 543 719 606 οἵτινες
743 542 862 623 ἔφευγόν
885 568 917 604 τε
942 541 992 603 τόν

190 627 281 688 πάντα
301 628 405 708 χρόνον
424 627 489 692 τοῦς
512 629 668 706 τυράννους,
690 635 720 689 ἐκ
741 635 869 710 μηχανῆς
890 657 922 692 τε
941 633 991 706 τῆς

189 717 293 777 τούτων
313 717 441 786 ἐξέλιπον
462 721 488 776 οἶ
511 718 743 794 Πεισιστρατίδαι
764 719 815 794 την
833 718 988 795 τυραννίδα.

191 804 236 861 καὶ
256 803 327 864 οὕτω
344 803 394 866 τάς
406 803 526 880 Ἀθήνας
540 803 616 864 οὗτοι
629 805 703 880 ἦσαν
717 809 743 864 οἱ
757 805 992 882 ἐλευθερώσαντες

190 895 289 970 πολλῷ
302 895 415 968 μᾶλλον
428 891 499 970 ἤπερ
512 891 661 969 Ἀρμόδιός
672 917 703 952 τε
714 893 760 962 καὶ
769 891 989 972 Ἀριστογείτων,

117 980 120 987 '
191 976 226 1040 οἷς
240 979 293 1060 ἐγῷ
307 980 398 1056 κρίνω·
420 983 447 1040 οἱ
462 983 514 1057 μὲν
529 979 584 1061 γάρ
604 979 776 1060 ἐξηγρίωσαν
793 978 858 1042 τούς
875 979 989 1038 ὑπολοί-

190 1091 258 1129 πους
274 1068 528 1144 Πεισιστρατιδέων
537 1067 697 1145 Ἵππαρχον
711 1065 928 1134 ἀποκτείναντες,
945 1066 989 1126 ού-

190 1153 222 1211 δέ
239 1179 267 1214 τι
283 1156 541 1230 μᾶλλονέπαυσαν
558 1155 624 1218 τούς
636 1153 753 1216 λοιπούς
765 1152 987 1230 τυραννεύοντας·

189 1239 405 1317 Ἀλκμαιωνίδαι
419 1242 448 1301 δὲ
462 1244 604 1320 ἐμφανέως
617 1242 815 1319 ἐλευθέρωσαν,
828 1243 851 1299 εί
880 1240 898 1315 ἦ
913 1237 992 1300 οὗτοί

189 1352 223 1408 γε
244 1327 368 1403 ἀληθέως
381 1329 456 1405 ἦσαν
476 1334 503 1390 οἱ
522 1330 573 1406 τὴν
587 1330 696 1405 Πυθίην
710 1329 909 1390 ἀναπείσαντες
921 1353 989 1406 προ-

190 1416 336 1491 σημαίνειν
349 1418 594 1495 Λακεδαιμονίοισι
612 1418 774 1494 ἐλευθεροῦν
791 1416 841 1480 τοὶς
861 1415 989 1496 Ἀθήνας,

190 1502 225 1566 ὥς
244 1529 293 1580 μοι
313 1504 449 1582 πρότερον
468 1506 628 1582 δεδήλωται.
669 1505 763 1565 Ἀλλά
780 1503 836 1586 γάρ
854 1506 922 1568 ἴσως
941 1506 1036 1564 τι124

190 1592 413 1668 ἐπιμεμφόμενοι
432 1592 585 1669 Ἀθηναίων
598 1597 636 1672 τῷ
650 1592 727 1671 δήμῳ
740 1592 925 1668 προεδίδοσαν
937 1591 989 1668 τήν

189 1680 317 1756 πατρίδα.
352 1679 385 1739 ού
398 1683 449 1756 μὲν
463 1679 500 1740 ὧν
512 1680 587 1756 ἦσάν
600 1686 697 1755 σφεων
709 1678 796 1738 ἀλλοι
811 1679 989 1756 δοκιμώτεροι

190 1767 218 1826 ἐν
230 1793 263 1847 γε
275 1767 453 1844 Ἀθηναίοισι
466 1765 567 1845 ἀνδρες,
584 1766 639 1828 οὐδ’
654 1767 680 1826 οἳ
692 1771 807 1844 μᾶλλον
820 1767 987 1843 ἐτετιμέατο.

190 1853 260 1914 οὕτω
274 1856 336 1915 οὐδὲ
349 1855 435 1936 λόγος
449 1856 541 1931 αἱρέει,
551 1853 736 1932 ἀναδεχθῆναι
750 1855 779 1912 ἐκ
791 1879 825 1934 γε
838 1852 872 1912 ἀν
885 1852 988 1913 τούτων

190 1939 298 1999 ἀσπίδα
312 1941 357 2000 ἐπὶ
369 1941 484 2018 τοιούτῳ
497 1941 583 2020 λόγῳ.
611 1941 745 2020 ἀνεδέχθη
758 1943 810 2018 μέν
822 1939 878 2022 γάρ
892 1939 987 2003 ἀσπίς·

191 2027 237 2084 καὶ
257 2031 340 2086 τοῦτο
363 2025 412 2086 ούκ
434 2027 495 2085 ἐστι
516 2026 611 2090 άλλως
631 2031 725 2087 εἰπεῖν·
748 2030 855 2109 ἐγένετο
873 2026 937 2107 γάρ·
958 2025 989 2089 ὃς

191 2115 285 2190 μέντοι
299 2113 334 2191 ἦν
347 2114 363 2174 ό
377 2113 508 2183 ἀναδέξας
519 2113 569 2174 οὐκ
583 2116 637 2194 ἔχω
646 2117 813 2192 προσωτέρω
828 2117 913 2174 εἰπεῖν
926 2113 988 2174 τού-

190 2227 253 2262 των.
600 2193 604 2200 “

232 2293 269 2350 Οί
287 2291 317 2350 δὲ
328 2289 546 2367 Ἀλκμαιωνιδαι
565 2288 640 2366 ἦσαν
659 2291 711 2366 μὲν
729 2291 775 2348 καὶ
787 2289 823 2350 τά
836 2289 1035 2349 ἀνέκαθεν125
1071 2341 1073 2348 ,

190 2379 316 2456 λαμπροὶ
329 2384 358 2439 ἐν
370 2381 439 2457 τῇσι
451 2376 598 2456 Ἀθήνησι·
618 2377 674 2436 ἀπό
688 2377 718 2436 δέ
730 2376 927 2454 Ἀλκμαίωνος,
942 2378 988 2436 καὶ

190 2465 265 2530 αιἰπις
274 2467 448 2549 Μεγακλέος,
458 2466 585 2546 ἐγένοντο
599 2465 645 2523 καὶ
658 2463 746 2541 κάρτα
758 2466 894 2541 λαμπροί.
925 2468 986 2524 τοῦ·

189 2579 222 2612 το
238 2558 289 2630 μὲν
306 2555 361 2636 γάρ
374 2555 534 2630 Ἀλκμαίων
555 2553 571 2613 ἀ
587 2553 754 2635 Μεγακλέος
771 2557 848 2613 τοῖσι
867 2557 897 2612 ἐκ
914 2555 987 2630 Σαρ-

190 2639 253 2699 δίων
268 2643 386 2702 Λυδοῖσι
403 2641 480 2720 παρά
502 2642 630 2718 Κροίσου
648 2640 873 2716 ἀπικνεομένοισι
891 2641 936 2699 ἐπὶ
953 2639 986 2700 τδ

190 2729 361 2804 χρηστήριον
373 2731 406 2790 τό
420 2735 450 2790 ἐν
462 2733 607 2806 Δελφοῖσι
623 2728 811 2806 συμπρήκτωρ
831 2753 863 2788 τε
883 2727 988 2809 ἐγίνετο

191 2813 237 2870 καὶ
251 2817 449 2893 συνελάμβανε
462 2817 619 2894 προθύμως·
641 2815 691 2875 καί
702 2841 750 2892 μιν
764 2819 889 2892 Κροῖσος
902 2814 986 2874 πυθό-

189 2925 272 2977 μενος
287 2907 342 2962 τῶν
357 2904 455 2963 Λυδῶν
473 2907 528 2963 τῶν
549 2909 577 2967 ἐς
589 2904 625 2964 τὰ
644 2903 804 2982 χρηστήρια
820 2901 987 2978 φοιτεόντων

162 3047 164 3052 .
191 2989 289 3050 ἑωυτόν
308 2991 337 3063 εὖ
355 2992 467 3060 ποιέειν,
482 2992 692 3067 μεταπέμπεται
712 2995 739 3054 ἐς
760 2989 870 3066 Σάρδις·
891 2986 987 3046 ἀπικό-

190 3103 272 3154 μενον
289 3079 318 3138 δέ
339 3078 467 3154 δωρέεται
486 3082 583 3156 χρυσῷ
599 3079 650 3138 τόν
663 3075 697 3137 ἀν
711 3077 823 3151 δύνηται
836 3078 874 3152 τῷ
887 3077 987 3132 ἑωυτοῦ

190 3166 299 3244 σάματι
316 3164 505 3236 ἐξενείκασθαι
522 3163 642 3234 ἐσάπαξ·
663 3163 679 3222 ἀ
696 3163 726 3222 δὲ
741 3161 902 3237 Ἀλκμαίων
918 3160 989 3235 πρός

188 3255 239 3331 την
265 3254 369 3334 δωρεὴν
396 3254 500 3312 ἐοῦσαν
525 3251 655 3326 τοιαύτην
683 3249 777 3309 τοιάδε
805 3245 986 3322 ἐπιπηδώσας
