2280 3432
155 85 205 134 ιιι
456 83 641 134 ἀνοιοαοι
864 85 961 151 [v111.

161 161 242 227 οὗτος
254 160 327 240 δνήρ
340 160 411 225 στᾶς
429 161 475 222 ἐπὶ
487 160 521 222 τό
537 162 688 240 συνέδρων,
703 163 863 233 ἐξεκαλέετο
878 170 963 242 Θεμι·

161 255 291 328 στοκλήα
311 248 392 309 ἐόντα
410 251 462 326 μέν
479 253 569 328 ἐωυτῷ
588 249 620 309 οὐ
643 252 729 326 φίλον
751 251 853 330 ἐχθρόν
874 251 903 310 δέ
926 253 964 312 τὰ

161 338 297 415 μάλιστα·
331 335 386 396 ὐπό
407 337 437 395 δὲ
456 337 592 418 μεγάθεος
616 342 671 397 τῶν
693 338 851 416 παρεόντων
872 345 963 400 κακῶν

162 425 253 502 λήθην
273 425 381 485 ἐκείνων
400 423 562 500 ποιεύμενος
589 425 758 496 ἐξεκαλέετο,
780 427 869 486 θέλων
889 425 963 507 αὐτῷ

162 513 308 590 συμμίξαι·
328 511 485 589 προακήκοε
498 511 528 571 δέ
542 510 585 572 ότι
598 511 745 574 σπεύδοιεν
759 516 786 572 οἱ
799 512 855 574 α’πό
869 519 962 574 Πελο·

162 600 305 676 ποννήσου
318 598 431 680 α’νόγειν
442 597 492 664 τοὶς
505 602 574 672 νῆας
588 598 658 678 πρός
673 599 723 660 τόν
735 599 862 676 Ἰσθμόν·
884 601 919 664 ὥς
932 602 963 661 δὲ

162 688 265 763 ἐξῆλθέ
290 691 317 747 οἱ
344 688 560 765 Θεμιστοκλέης,
585 689 664 770 ἔλεγε
686 686 860 764 Ἀριστείδης
885 688 962 748 τόδε·
1039 767 1043 776 ι

163 784 181 810 “
187 774 275 852 ἡμέας
288 775 452 847 στασιάζειν
464 775 548 854 χρεόν
565 781 626 837 ἐστι
644 775 673 835 ἐν
690 801 721 836 τε
733 779 771 854 τῷ
784 775 864 855 ἄλλῳ
877 782 963 857 καιρῷ

134 867 138 875 “
162 863 209 922 καὶ
222 863 256 941 δή
270 864 316 923 καὶ
337 869 366 924 ἐν
382 864 458 942 τῷδε,
476 863 540 940 περὶ
558 867 608 923 τοῦ
626 862 757 939 ’ὁκότερος
774 862 867 940 ήμέων
883 866 962 924 πλέω

162 949 254 1030 ιῖγαθά
266 951 320 1029 τήν
331 952 452 1028 πατρίδα
467 951 625 1032 ἐργάσεται·
643 953 718 1032 λέγω
731 951 763 1010 δέ
773 975 824 1025 τοι,
841 951 885 1012 ὅτι
897 951 963 1013 ἶσόν

162 1042 223 1098 ἐστι
236 1039 333 1099 πολλά
345 1065 376 1100 τε
395 1040 442 1098 καὶ
460 1037 545 1120 ὀλίγα
563 1039 657 1120 λέγειν
669 1038 733 1114 περὶ
751 1037 899 1099 α’ποπλόου
911 1044 963 1100 τοῦ

162 1127 570 1202 ἐνθεῦτενιΠελοπονιησίοισι·
605 1124 659 1206 ἐγύ
682 1125 737 1206 γύρ
759 1125 898 1203 αὐτόπτης
918 1153 963 1188 τοι

162 1213 236 1294 λέγω
254 1215 408 1295 γενόμενος,
424 1213 467 1274 ὅτι
486 1218 544 1284 νῦν,
563 1211 619 1274 οὐδ’
632 1211 667 1289 ἦν
686 1214 800 1284 θέλωσι,
817 1217 966 1291 Κορίνθιοί

161 1327 193 1360 τε
206 1303 252 1360 καὶ
265 1300 348 1364 αὐτός
360 1300 536 1377 Εὐρυβιάδης
557 1301 614 1360 οἶοί
628 1326 659 1361 τε
676 1303 787 1360 ἔσονται
806 1306 962 1362 ἐκπλῶσαι·

161 1389 348 1468 περιεχόμεθα
373 1387 435 1468 γὰρ.
453 1387 508 1447 ύπύ
528 1390 583 1450 τιύν
602 1388 745 1466 πολεμίων
766 1387 866 1468 κύκλῳ·
895 1389 962 1450 ἀλλ’

115 1476 153 1535 80
162 1476 287 1537 ἐσελθών
314 1482 371 1552 σφι
401 1479 489 1534 ταῦτα
522 1475 675 1554 σήμηνον.”
715 1477 749 1536 ‘O
777 1477 800 1536 δ’
827 1477 962 1554 α’μείβετο

162 1564 267 1622 τοῖσδε·
310 1573 327 1599 “
335 1561 423 1639 κάρτα
453 1587 501 1622 τε.
513 1562 626 1641 χρηστὰ
657 1563 827 1624 διακελεύεαι
854 1567 900 1624 καὶ
932 1566 962 1626 εὖ

161 1649 304 1731 ἤγγειλας·
346 1649 381 1710 ταὶ
406 1649 461 1730 γύρ
489 1649 543 1730 ἐγιδ
571 1650 686 1728 ἐδεόμην
711 1653 850 1734 γενέσθαι,
880 1653 962 1718 αὐτός

163 1737 302 1814 αὐτόπτης
327 1736 475 1820 γενόμενος
501 1737 585 1814 ἥκεις·
619 1741 681 1801 ἴσθι
703 1740 759 1822 γύρ
785 1742 815 1811 ἐξ
839 1743 903 1817 ἐμέο
926 1742 962 1802 τό

162 1824 312 1902 ποιεύμενα
331 1825 386 1886 ὐπό
408 1825 522 1903 Μήδων·
557 1827 614 1887 ἔδεε
634 1827 697 1909 γοῖρ,
719 1827 766 1888 ὅτε
786 1828 836 1888 οὐκ
857 1828 963 1892 ἑκόντες

163 1913 260 1974 ἔθελον
274 1918 301 1977 ἐς
312 1913 408 1994 μάχην
426 1916 613 1977 κατίστασθαι
632 1916 816 1993 οἶ-Ἕλληνες,
831 1915 962 1980 ἀέκοντας

162 2001 414 2079 παραστήσασθαι·
431 2003 468 2064 σύ
482 2004 520 2074 δέ,
532 2005 645 2082 ἐπείπερ
658 2002 734 2080 ἥκεις
746 2004 859 2084 χρηστύ
873 2003 962 2085 ἀπαγ-

162 2090 281 2170 γέλλων,
305 2089 387 2154 αὐτός
410 2098 466 2167 σφι
492 2090 635 2172 ἄγγειλον·
668 2090 704 2168 ἦν
729 2092 784 2172 γιὶρ
812 2092 866 2173 ἐγῶ
893 2091 962 2152 αὐτό

162 2177 244 2258 λέγω,
273 2177 343 2248 δόξω
365 2178 480 2242 πλόσας
502 2180 596 2259 λέγειν
623 2180 668 2237 καὶ
695 2178 727 2238 οὐ
750 2180 847 2253 πείσω,
871 2179 907 2243 ιύς
930 2179 963 2239 οὐ

163 2265 312 2327 ποιεύντων
324 2271 380 2327 τῶν
392 2265 549 2344 βαρβάρων
561 2269 659 2326 ταῦτα·
676 2265 753 2325 σ’λλτί
765 2272 822 2340 σφι
835 2267 964 2345 σήμηνον

163 2351 246 2415 αὐτός
272 2353 420 2432 παρελθύν
446 2353 482 2417 οἷς
506 2354 569 2431 ἔχει.
612 2350 695 2411 ἐπεὰν
718 2352 748 2410 δὲ
771 2351 906 2430 σημήνῃς,
928 2353 964 2431 ἢν

163 2442 215 2517 μὲν
228 2442 385 2510 πείθωνται,
395 2444 483 2500 ταῦτα
496 2439 530 2514 δή
544 2439 580 2500 τοὶ
594 2439 744 2498 κάλλιστα·
760 2436 795 2514 ἣν
809 2439 838 2498 δὲ
851 2438 963 2502 αὐτοῖσι

161 2526 202 2602 μή
223 2527 313 2586 πιστὰ
331 2527 453 2607 γείηται,
474 2526 571 2603 όμοῖον
590 2526 658 2603 ήμῖν
679 2527 767 2586 ἐσται·
795 2526 902 2610 οὐγὰρ
923 2531 964 2590 ἐτι

164 2612 360 2689 διαδρήσονται
378 2614 455 2691 εἴπερ
473 2614 660 2694 περιεχόμεθα
675 2615 858 2696 πανταχόθεν,
873 2617 909 2681 οἷς
924 2618 963 2677 σύ

116 2701 153 2762 81
163 2698 280 2780 λέγεις.”
320 2704 415 2762 Ταῦτα
448 2702 527 2784 ἐλεγε
560 2703 708 2780 παρελθιύν
734 2704 750 2765 ό
780 2704 963 2784 Ἀριστείδης,

165 2786 290 2864 φάμενος
310 2787 341 2858 ἐξ
360 2788 474 2870 Αἰγίνης
493 2815 524 2851 τε
544 2789 629 2868 ἥκειν,
651 2792 697 2852 καὶ
716 2791 799 2874 μόγις
819 2797 964 2853 ἐκπλῶσαι

164 2875 259 2936 λαθιδν
278 2875 345 2940 τούς
365 2879 560 2956 ἐπορμέοντας·
586 2881 767 2961 περιέχεσθαι
786 2881 842 2963 γὰρ
858 2885 915 2941 πᾶν
930 2881 963 2940 τό

164 2963 356 3041 στρατόπεδον
388 2963 422 3028 τό
455 2967 624 3047 Ἑλληνικόν
653 2969 708 3030 ὐτδ
733 2973 789 3030 τῶν
816 2972 884 3030 νεῶν
909 2973 964 3028 τῶν

165 3052 281 3128 Ξέρξεω·
303 3057 512 3134 παραρτέεσθαί
527 3085 558 3118 τε
576 3057 764 3137 συνεβούλευε
777 3057 813 3122 ιύς
828 3056 963 3132 ἀλεξησο-

163 3140 272 3214 μένους.
314 3145 360 3204 καὶ
382 3144 398 3204 ό
419 3149 479 3223 μὲν,
500 3151 588 3206 ταῦτα
607 3147 693 3217 εἶπας,
712 3144 888 3223 μετεστήκεε·
908 3147 964 3204 τῶν

165 3225 195 3284 δὲ
208 3227 284 3294 αιἰτις
297 3233 402 3313 ἐγίνετο
415 3232 719 3316 λόγωνκόμφισβασιή·
740 3236 768 3293 οἶ
780 3233 834 3312 γὰρ
848 3232 964 3293 πλεῦνες
