2294 3430
157 84 203 132 ιιι
451 83 637 139 ,ἩΡοΔοιου
878 84 953 149 [vn.

157 161 254 231 λακάς,
269 163 315 221 καὶ
333 161 485 239 θεραπηίην
499 161 619 238 ,πολλήν
636 188 667 223 τε
684 163 730 234 καὶ
743 162 772 222 εὖ
787 168 956 242 ἐσκευασμέ-

157 245 225 326 νην(
237 253 303 309 σῖτα
326 251 356 308 δέ
369 257 440 326 ᾗσφι,
459 251 542 328 χωρὶς
564 255 617 310 τῶν
640 250 736 312 ἄλλων
749 255 955 330 στρατιωτέων,

140 379 143 386 =
158 338 282 414 κάμηλοί
291 366 322 398 τε
336 339 381 398 καὶ
395 337 530 418 άποζιίγια
545 338 620 420 ἦγον.

109 429 149 486 84
196 426 318 495 Ἱππεύει
331 427 360 485 δὲ
373 417 461 494 ταῧτα
474 427 509 486 τά
524 428 611 487 ἔθνεα·
625 426 702 504 πλήν
715 429 747 488 οὗ
760 430 852 490 πάντα
861 433 955 509 παρεί-

154 542 221 594 χετο
243 507 336 586 ἵππον,
357 515 434 574 α’λλά
450 511 559 575 Ιτοσαίδε
577 520 677 592 μοῦνα·
699 519 811 595 Πέρσαι
826 522 886 595 μὲν,
904 519 956 595 τήν

154 595 240 678 αὐτήν
261 605 462 682 ἐσκευασμένοι
484 604 530 662 καὶ
553 603 568 664 ὁ
589 598 671 674 πεζάς
692 604 790 666 αὐτῶν·
811 607 887 682 πλήν
910 609 955 665 ἐπὶ

153 697 221 770 τῇσι
239 697 383 770 κεφαλῇσι
395 685 481 772 ἐἶχον
498 693 670 770 μετεξέτεροι
684 693 772 754 αὐτῶν
786 696 833 770 καὶ
846 695 954 773 χάλκεα

107 783 145 839 85
155 781 200 838 καὶ
219 781 334 858 σιδήρεα
348 781 543 857 1ἐξεληλαμένα
562 781 720 857 ποιήματα
754 783 821 850 Εἰσὶ
841 783 871 840 δέ
883 809 954 846 τινες

141 867 269 945 ’νομάδες
287 861 427 946 ἄνθρωποι
446 863 599 950 Σαγάρτιοι
619 869 790 946 καλεόμενοι,
806 871 882 933 ἔθνος
902 875 954 947 μέν

154 947 295 1034 Περσικὸν
310 953 355 1016 καὶ
366 963 457 1037 φωνῇ,
470 957 615 1033 σκευήνδέ
628 958 732 1033 μεταξι)
747 955 844 1038 έχουσι
857 986 953 1028 Ιπεποι-

98 1109 99 1112 ,
151 1046 255 1122 ημένην
268 1051 318 1122 τῆς
331 1073 362 1106 τε
376 1051 518 1124 Περσικῆς
533 1047 579 1106 καὶ
592 1051 641 1122 τῆς
652 1051 821 1133 Πακτυϊκῆς·
831 1111 833 1116 ,
844 1049 870 1106 οἳ
883 1075 952 1126 παρ-

152 1135 259 1212 είχοντο
280 1137 332 1210 μὲν
342 1175 343 1180 =
353 1136 438 1194 ἵππον
453 1127 678 1214 ὀκτακισχιλίην,
693 1135 770 1193 ὅπλα
784 1136 813 1194 δὲ
827 1135 858 1194 οιῖ
870 1139 952 1214 ,νομί-

117 1235 119 1241 ’
147 1212 231 1292 ’ζουσι
245 1224 317 1301 ἐχειν
331 1221 522 1303 οὔτεχάλκεά
543 1223 606 1284 οὔτε
627 1223 816 1300 σιδήρεα,,ἐξω
838 1230 950 1305 ἐγχειρι-

150 1309 223 1370 δίων·
243 1312 378 1390 χρέωνται
389 1313 418 1370 δὲ
429 1317 542 1391 σειρῇσι
552 1313 764 1396 πεπλεγμένῃσι
779 1313 809 1380 ἐξ
823 1309 950 1388 ἱμάντων·

150 1398 269 1476 ταύτησι
289 1392 408 1460 πίσυνοι
424 1402 551 1480 ἔρχονται
572 1405 599 1462 ἐς
617 1399 753 1476 πόλεμον.
794 1399 855 1475 ἡδὲ
872 1391 950 1480 μάχη

149 1485 253 1546 τούτων
273 1491 328 1548 τῷν
349 1488 453 1565 ἀνδρῶν
474 1488 532 1564 ἥδε·
559 1487 643 1546 Ιἐπεάν
666 1485 850 1574 συμμίσγωσι
873 1481 950 1554 τοῖσι

149 1575 322 1651 πολεμίοισι,
335 1576 482 1652 βάλλουσι
501 1577 551 1639 τοὶς
572 1575 667 1652 σειράς
682 1575 723 1634 ἐπ’
738 1575 811 1654 άκρῷ
824 1577 950 1656 βρόχους

150 1662 279 1740 ἐχούσας·
300 1663 363 1724 ὅτευ
384 1663 406 1722 δ’
420 1663 454 1724 ἂν
469 1655 549 1744 τάχη,
563 1663 597 1740 ἦν
609 1690 640 1724 τε
655 1663 742 1722 ἵππου
755 1662 789 1738 ἦν
801 1657 948 1741 4τεάνθρά-

148 1776 211 1822 που,
219 1746 268 1810 ’ἐπ’
283 1751 382 1812 ἑωυτδν
403 1753 486 1811 ἕλκει·
508 1755 534 1812 οἱ
553 1753 582 1820 δὲ
601 1757 630 1812 ἐν
648 1752 742 1830 ἕρκεσι
763 1753 948 1828 ἐμπαλασσό-

147 1863 226 1914 μενοι
238 1833 463 1918 Ῐδιαφθείρονται·
484 1840 588 1902 τούτων
605 1842 657 1917 μὲν
678 1839 747 1915 αὕτη
761 1838 779 1915 ή
793 1839 880 1918 μάχη·
902 1842 949 1900 καὶ

101 1929 138 1986 86
148 1921 342 2010 ἐπετετάχατο
354 1933 382 1994 ἐς
401 1929 466 1994 τοδς
480 1931 601 2008 Πέρσας.
645 1928 740 2004 Μῆδοι
754 1928 783 1986 δὲ
796 1928 899 2014 τήνπερ
918 1935 948 1991 ἐν

147 2021 185 2095 τῷ
198 2019 270 2098 πεζῷ
287 2019 362 2098 εἶχον
381 2019 494 2095 σκευήν·
515 2019 561 2078 καὶ
575 2018 696 2078 Κίσσιοι
717 2015 856 2081 ὦσαύτως.
898 2017 946 2080 Ἰν-

147 2105 189 2164 δοὶ
204 2106 233 2165 δὲ
246 2112 333 2186 σκευῇ
346 2109 397 2186 μὲν
411 2107 570 2188 ἐσεσάχατο
583 2111 619 2185 τῇ
630 2105 700 2184 αὐτῇ
715 2106 760 2164 καὶ
775 2111 802 2164 ἐν
816 2111 853 2186 τῷ
866 2109 946 2188 πεζῷ,

146 2193 269 2269 ἤλαυνον
291 2197 319 2256 δέ
343 2198 459 2272 κέλητας
478 2196 524 2255 καὶ
543 2195 662 2274 ἅρματα·
684 2193 739 2254 ὖπδ
757 2194 786 2252 δὲ
806 2194 946 2278 τοῖσιιάρ-

146 2308 218 2364 μασι
236 2282 349 2360 ὖπῆσαν
372 2283 452 2344 ἵπποι
473 2283 519 2344 καὶ
537 2283 595 2344 ὄνοι
618 2282 719 2364 ἄγριοι.
763 2281 896 2362 Βάκτριοι
918 2284 947 2342 δὲ

146 2371 314 2432 ἐσκευάδατο
336 2371 465 2438 ῷσαάτως
484 2373 529 2431 καὶ
549 2377 577 2432 ἐν
595 2376 633 2450 τῷ
650 2372 730 2450 πεζῷ,
751 2371 797 2428 καὶ
819 2370 946 2456 Κάσπιοι

146 2456 254 2534 ὁμοίως.
296 2461 401 2535 Λίβυες
422 2462 451 2519 δὲ
472 2461 517 2518 καὶ
539 2459 616 2519 αὐτοὶ
634 2459 756 2536 κατάπερ
772 2463 800 2518 ἐν
813 2462 851 2536 τῷ
864 2461 945 2538 πεζῷ·

144 2544 266 2621 ἤλαυνον
282 2548 311 2606 δὲ
330 2549 375 2608 καὶ
396 2547 473 2609 οὗτοι
493 2549 594 2610 πάντες
610 2539 730 2624 ἅρματα.
773 2545 809 2610 ῷς
823 2545 845 2604 δ’
860 2546 946 2612 αὕτως

147 2633 305 2714 Κάσπειροι
325 2638 371 2696 καὶ
385 2637 551 2714 Παρικάνιοι
569 2635 728 2714 ἐσεσάχατο
742 2635 843 2713 ὁμοίως
857 2635 903 2694 καὶ
918 2641 946 2696 ἐν

143 2725 182 2800 τῷ
199 2725 280 2803 πεζῷ.
309 2723 452 2803 Ἀράβιοι
466 2726 495 2784 δὲ
509 2725 613 2800 σκευήν
625 2727 676 2800 μὲν
691 2724 768 2803 εἶχον
786 2722 838 2798 τήν
859 2723 946 2799 αὐτήν

143 2808 178 2885 ἣν
200 2810 245 2870 καὶ
267 2815 295 2871 ἐν
315 2817 354 2891 τῷ
375 2815 456 2892 πεζῷ·
468 2812 601 2888 1ήλαυνον
622 2813 651 2872 δὲ
673 2813 773 2875 πάντες
793 2811 943 2888 καμήλους,

97 2899 134 2957 87
143 2903 284 2978 ταχυτῆτα
307 2900 339 2959 οὗ
359 2903 525 2978 λειπομένας
550 2902 650 2960 ἵππων.
691 2904 786 2961 Ταῦτα
807 2898 844 2959 τά
866 2901 945 2959 ἐνεα

142 2991 232 3062 μοῦνα
253 2981 375 3050 ἵππευεν·
397 2988 514 3066 άριθμός
528 2989 557 3048 δέ
569 2993 619 3065 τῆς
634 2990 720 3049 ἵππου
742 2989 851 3070 ἐγένετο
873 2985 944 3046 ὀκτιδ

142 3075 278 3153 μυριάδες,
291 3078 381 3158 πάρεξ
392 3082 447 3138 τῷν
462 3078 593 3156 καμήλων
608 3079 654 3136 καὶ
667 3083 721 3138 τῶν
734 3076 873 3153 ἁρμάτων.
917 3079 943 3133 οἱ

140 3165 193 3238 μέν
213 3193 261 3228 νυν
279 3167 364 3230 ἄλλοι
383 3167 478 3232 ἱππέες
497 3166 646 3245 ἐτετάχατο
666 3165 736 3224 κατά
753 3165 845 3232 τέλεα,
860 3159 941 3237 Ἀρά-

142 3251 202 3323 βιοι
223 3255 253 3314 δὲ
274 3257 389 3338 ἔσχατοι
412 3255 606 3334 ἐπετετάχατο·
631 3253 679 3312 ἅτε
699 3251 755 3332 γάρ
777 3253 831 3310 τῶν
852 3249 942 3308 ἵππων
