2204 3430
125 97 157 143 88
428 95 611 144 ‘HPOAOOEOT
862 91 921 154 [VI.

126 175 194 252 δίην,
222 175 340 252 νεάτερα
369 174 496 252 ἔπρησσε
521 173 674 254 πρήγματα
700 172 836 236 συνιστάς
860 171 925 234 τούς

126 262 263 340 Ἀρκάδας
286 262 332 322 ε’πὶ
350 267 388 341 τῇ
410 261 534 340 Σπάρτη,
554 259 660 324 ἅλλους
674 285 706 322 τε
723 260 820 338 ὅρκους
836 285 925 338 προσ-

126 349 200 431 άγων
232 357 296 427 σφι,
322 349 342 426 ἦ
368 349 425 426 μὴν
459 350 580 428 ἕψεσθαί
608 355 700 425 σφεας
726 347 799 427 αὐτῷ
824 353 861 428 τῇ
891 346 925 409 ἂν

68 464 83 491 ι
127 437 271 518 ἐξηγῆται,
289 436 336 496 καὶ
356 437 390 513 δη
410 437 457 496 καὶ
475 442 502 500 ἔς
518 435 665 514 Νώνακριν
680 435 765 496 πόλιν
782 435 925 512 πρόθυμος

125 523 161 600 ἦν
170 530 225 586 τῶν
233 524 376 602 Ἀρκάδων
387 524 452 588 τούς
460 527 652 602 προεστειθτας
661 523 784 604 α’γινέων,
795 524 933 600 ἐξορκοῦν

127 611 161 672 τό
186 611 293 693 Στυγός
317 610 400 690 ὕδωρ.
440 611 482 694 [ἓν
502 612 532 671 δὲ
551 611 637 689 ταύτῃ
661 615 698 689 τῇ
718 609 788 670 πόλί
811 611 925 692 λέγεται

128 699 197 759 εἶναι
216 699 262 760 ὕπ’
278 699 420 778 Ἀρκάδων
439 700 472 760 τό
494 698 600 780 Στυγός
623 698 716 780 ὕδωρ]
758 699 804 757 καὶ
823 698 857 774 δὴ
879 699 925 758 καὶ

128 787 190 846 ἔστι
204 787 311 848 τοιόνδε
326 813 363 848 τι·
389 786 461 864 ὕδωρ
478 787 577 868 ὀλίγον
593 785 761 863 φαινόμενον
777 790 807 845 ἐκ
823 786 926 862 πέτρης

128 873 253 946 στάζει’
241 901 268 938 ες
283 875 376 956 άγκος·
399 901 432 935 το
425 873 515 934 δὲ’
497 900 582 955 αγκος
598 877 733 952 αἱμασιῆς
748 899 790 936 τις
805 873 926 950 περιθεει

129 961 239 1026 κύκλος.
268 989 286 1038 η
279 961 330 1021 δὲ
340 961 517 1073 Νάνακρις,’
504 988 534 1022 εν
545 965 581 1041 τῇ
594 961 612 1037 ἡ
626 987 704 1071 πηγη
715 960 784 1036 αὕτη
794 959 926 1041 τυγχάνει

82 1049 176 1112 ’ἴδ’
129 1077 224 1121 εουσα,
238 1050 352 1114 πόλις’
339 1050 401 1110 εστὶ
413 1055 463 1126 τῆς
476 1049 623 1128 Ἀρκαδίης
640 1048 711 1125 πρὸς
723 1051 822 1126 Φενεῷ.
863 1053 926 1106 Μα-

130 1137 224 1201 θόντες
251 1139 280 1199 δὲ
302 1137 516 1214 Λακεδαιμόνιοι
541 1137 704 1213 Κλεομένεα
725 1139 813 1195 ταῦτα
835 1161 926 1213 πρησ·

129 1252 225 1297 σοντα,
240 1229 362 1306 κατῆγον
376 1225 460 1286 αὐτόν
476 1225 616 1287 δείσαντες
629 1223 675 1282 ε’πὶ
687 1225 765 1283 τοῖσι
778 1222 889 1284 αότοῖσι
900 1229 927 1288 ές

130 1313 262 1391 Σπάρτην
279 1318 356 1374 τοῖσι
376 1313 422 1371 καὶ
440 1312 576 1389 πρότερον
592 1310 672 1390 ἦρχε.
714 1309 884 1371 κατελθόντα
897 1311 927 1370 δὲ

129 1399 214 1461 αὐτόν
227 1400 325 1460 αὐτίκα
342 1399 471 1476 όπέλαβε
485 1400 570 1476 μανίη
587 1402 688 1461 νοῦσος
701 1397 782 1457 ε’όντα
795 1397 842 1456 καὶ
859 1398 927 1476 πρό-

129 1513 210 1566 τερον
225 1486 462 1567 όπομαργότερον·
483 1485 552 1549 ὅκως
568 1484 624 1566 γάρ
637 1511 689 1564 τεῳ
708 1484 818 1564 ἐντύχοι
834 1487 927 1564 Σπαρ-

130 1576 252 1650 τιητέων,
274 1575 404 1653 ἐνέχραυε
426 1578 453 1637 ε’ς
474 1573 509 1634 τό
531 1572 685 1651 πρόσωπον
711 1572 744 1634 τό
772 1576 927 1651 σκῆπτρον·

130 1668 261 1724 ποιεῦντα
271 1663 301 1722 δὲ
311 1661 395 1722 αὐτόν
403 1665 492 1722 ταῦτα
502 1661 548 1720 καὶ
557 1660 818 1738 παραφρονήσαντα
825 1661 928 1736 ἔδησαν

132 1753 159 1810 οἱ
174 1749 362 1827 προσήκοντες
383 1754 412 1809 έν
431 1749 514 1829 &Q
539 1748 555 1809 ό
575 1748 605 1808 δὲ
625 1748 713 1812 δεθεὶς
727 1747 777 1808 τόν
797 1747 926 1824 φύλακον

91 1908 92 1912 ¹
130 1839 305 1916 μουνωθέντα
319 1836 432 1898 ῑδων
393 1863 449 1899 των
458 1836 598 1898 αλλων
567 1861 641 1897 αιτεε
653 1835 802 1915 μάχαιραν,
816 1862 848 1896 ου
840 1834 927 1912 ’βου-

131 1927 252 2004 λομένου
268 1926 347 1986 δὲ
312 1953 348 1988 τα
365 1951 461 2004 πρυτα
477 1952 528 1986 του
515 1924 674 2002 φυλάκου
688 1923 801 2033 διδόναι,
816 1921 929 1982 ἀπείλεε

129 2014 166 2075 τά
184 2041 233 2094 μιν
253 2015 329 2078 αὖτις
345 2013 486 2091 ποιήσειε
510 2019 538 2077 ἐς
558 2039 574 2074 α
561 2010 743 2075 δείσας
707 2037 758 2074 τας
778 2008 927 2072 οἷπειλάςὸ

132 2101 342 2180 φύλακος-τῆν
360 2102 416 2182 γάρ
435 2106 491 2162 τῶν
507 2127 550 2164 τις
565 2098 818 2170 εἶλωτέων,-διδοῖ
835 2100 862 2157 οἱ
876 2097 929 2175 μά

130 2216 240 2270 χαιραν·
256 2191 420 2267 Κλεομένης
436 2189 466 2249 δὲ
481 2187 660 2266 παρολαβιδν
675 2186 724 2248 τόν
743 2187 868 2264 σιδηρον,
882 2184 929 2263 ἄρ

130 2303 198 2357 χετο
211 2282 241 2337 έκ
253 2279 309 2338 τῶν
328 2276 451 2352 κνημέων
470 2275 570 2336 ἑωυτόν
582 2273 760 2352 λωβώμενος·
774 2273 930 2350 ἐπιτάμνων

63 2423 65 2429 .
131 2365 187 2446 γάρ
214 2363 284 2425 κατά
311 2367 401 2440 μῆκος
426 2362 477 2425 τάς
504 2362 611 2440 σάρκας
633 2361 790 2440 προῦβαινε
817 2367 848 2421 ἐκ
874 2365 930 2422 τῶν

132 2453 255 2530 κνημέων
275 2455 303 2515 ἒς
317 2450 382 2514 τούς
397 2450 511 2528 μηροθς,
529 2455 559 2510 ἐκ
579 2450 609 2509 δὲ
626 2455 681 2511 τῶν
696 2453 793 2528 μηρῶν
811 2451 837 2514 ές
850 2474 882 2510 τε
894 2448 930 2509 τά

133 2541 212 2618 ἰσχία
226 2539 272 2598 καὶ
284 2537 335 2602 τοὶς
347 2537 486 2615 λαπάρας·
501 2543 528 2601 ἐς
538 2536 554 2598 θ
565 2542 592 2602 ἐς
605 2537 657 2614 τὴν
666 2538 792 2618 γαστέρα
805 2535 929 2606 α’πίκετο,

134 2628 180 2686 καὶ
199 2627 302 2702 ταύτην
323 2624 532 2704 καταχορδεύων
552 2624 673 2685 άπέθανε
691 2624 785 2705 τρόπῳ
804 2623 929 2705 τοιοότφ·

132 2713 168 2778 ὥς
180 2716 231 2791 μὲν
245 2716 272 2774 οἱ
284 2713 391 2774 πολλοὶ
404 2713 523 2794 λέγουσι
534 2710 688 2788 Ἑλλήνων,
703 2710 746 2771 ὅτι
759 2711 810 2788 τὴν
820 2712 931 2788 Πυθίην

132 2800 270 2882 άνέγνωσε
288 2800 323 2862 τοὶ
341 2801 405 2878 περὶ
426 2799 597 2878 Δημάρητον
611 2797 748 2880 γενόμενα
768 2801 870 2882 λέγειν·
895 2799 931 2863 αἷς

132 2889 161 2949 δὲ
186 2890 330 2966 Ἀθηναῖοι
356 2892 455 2966 μοῦνοι
481 2889 607 2968 λέγουσι,
633 2885 704 2946 διότι
729 2891 757 2951 ές
779 2886 931 2947 Ἐλευσῖνα

132 2978 266 3054 ε’σβαλοδν
279 2979 364 3054 έκειρε
376 2976 409 3037 τό
422 2975 535 3052 τέμενος
544 2978 599 3034 τῶν
610 2975 688 3036 θεῶν·
710 2974 745 3038 ὥς
757 2975 787 3034 δὲ
798 2973 930 3055 Ἀργεῖοι,

109 3145 112 3151 Α
132 3064 175 3126 ότι
194 3067 249 3138 ἐξ
240 3071 301 3146 ιροθ
318 3065 409 3126 αὐτῶν
429 3067 480 3124 τοῦ
491 3062 599 3142 Ἀργου
616 3061 751 3143 Ἀργείων
767 3087 832 3125 τους
848 3085 930 3120 κατα-

132 3154 207 3237 τόνγ’
191 3180 272 3219 οντας
289 3159 319 3215 έκ
334 3156 386 3229 τῆς
401 3151 496 3230 μάχης
516 3149 684 3229 καταγινέων
704 3148 862 3214 κατέκοπτε.
884 3171 926 3206 και

144 3239 200 3304 ιυτό
212 3269 245 3304 το
238 3242 351 3306 άλσος
365 3246 394 3302 ἐν
409 3238 515 3318 άλογίη
528 3237 598 3316 ἔχων
611 3236 755 3312 ἐνέπρησε
