2204 3430
703 25 724 45 Ι

145 95 159 140 Β
450 93 633 141 ἨΡΟΔΟΤΟΤ
898 91 942 155 [V.

143 165 293 241 όναπαύεο,
306 171 377 248 μηδὲ
390 170 506 248 λιπάρεε
520 174 556 250 τῇ
569 169 661 229 πόσει·
678 168 731 251 ἐγῶ
741 170 771 230 δέ
780 170 945 248 προσμένων

144 257 229 318 αύτοΰ
236 259 310 336 τῇδε,
318 257 410 318 πάντα
418 257 453 317 τό
462 258 591 333 ἐπιτήδεα
601 256 710 334 παρέξω
719 261 795 317 τοῖσι
804 255 944 328 ξείνοισι.”

143 345 215 422 πρός
226 349 314 405 ταῦτα
327 345 453 409 συνιεὶςὸ
463 345 600 422 Ἀμύντης
610 345 654 405 ὅτι
664 344 783 422 νειύτερα
793 345 945 427 πρήγματα

144 432 259 509 πρήξειν
272 432 373 510 μέλλει
385 433 577 510 Ἀλέξανδρος,
592 433 679 514 λέγει·
701 432 749 492 “ιύ
767 437 827 502 παῖ,
842 434 945 513 σχεδόν

143 519 198 600 γάρ
213 547 264 580 σευ
277 520 477 598 ἀνακαιομένου
491 522 605 599 συνίημι
623 521 688 584 τούς
704 521 814 602 λόγους,
831 521 874 580 ὅτι
887 521 945 582 ε’θέ-

79 655 81 658 -
143 611 203 672 λεις
224 611 272 685 ἐμὲ
290 609 433 688 ἐκπέμψας
447 608 550 669 ποιέειν
562 635 590 668 τι
608 609 749 686 νεώτερον·
771 607 825 690 ἐγω
841 607 878 668 ὧν
893 635 945 668 σευ

143 697 247 774 χρηίζω
261 697 347 774 μηδὲν
361 701 521 776 νεοχμῶσαι
534 696 593 757 κατ’
604 695 704 774 ἄνδρας
717 696 838 767 τούτους,
851 697 944 774 ἵναμὴ

144 783 282 864 ἐξεργάσῃ
302 783 399 861 η’μέας·
421 783 498 844 άλλά
516 784 615 864 άνέχευ
634 783 719 862 ύρέων
735 783 771 844 τά
786 785 943 860 ποιεύμενα·

96 870 219 947 2οάμφὶ
240 871 270 930 δέ
290 871 384 952 άπόδίρ
404 877 440 953 τῇ
462 877 515 952 ἐμῇ
535 873 673 950 πείσομαί
698 871 767 934 τοι.”
809 871 858 935 Ὡς
877 873 907 932 δέ
928 865 944 932 ό

143 956 281 1036 Ἀμύντης
296 960 406 1039 χρῄσας
421 961 526 1021 τούτων
544 960 665 1040 οἰχιόκεε,
682 961 763 1043 λέγει
779 961 795 1021 ό
814 959 945 1030 Ἀλέξαν·

135 1045 207 1124 ,δρος
233 1047 304 1124 πρός
330 1047 395 1111 τούς
422 1048 547 1126 Πέρσας
590 1054 751 1132 ’(γυναικάιν
775 1048 901 1118 τουτέων,
925 1047 946 1106 ὦ

143 1133 235 1205 ξεῖνοι,
266 1135 364 1211 πολλή
388 1141 449 1196 ἐστι
476 1136 542 1213 ύμῖν
564 1137 698 1213 εὐπετείη,
720 1138 766 1196 καὶ
789 1141 812 1196 εἰ
832 1136 944 1215 πάσῃσι

143 1221 289 1296 βούλεσθε
301 1224 457 1304 μίσγεσθαι
470 1225 517 1282 καὶ
532 1224 654 1303 ὁκόσῃσι
668 1223 705 1284 ὧν
718 1223 830 1284 αύτέων·
844 1223 944 1284 τούτου

141 1311 193 1383 μὲν
213 1309 277 1386 πέρι
297 1309 376 1368 αύτοὶ
396 1309 616 1386 ἀποσημανέετε
640 1315 689 1371 νῦν
707 1311 745 1380 δέ,
767 1309 871 1389 σχεδόν
887 1308 944 1391 γάρ

143 1393 196 1472 ἤδη
216 1399 267 1472 τῆς
293 1397 385 1472 κοίτης
406 1395 462 1474 ὥρη
482 1397 671 1477 προσέρχεται
690 1397 756 1474 ύμῖν
780 1399 826 1456 καὶ
853 1401 944 1462 καλῶς

145 1483 258 1561 ἔχοντας
274 1483 360 1560 ύμέας
378 1483 447 1561 ὁρέω
462 1483 557 1561 μέθης,
571 1488 703 1566 γυναῖκας
716 1485 826 1554 ταύτας,
842 1490 865 1544 εἰ
878 1484 944 1562 ύμῖν

144 1571 232 1646 φίλον
245 1572 315 1640 ἐστὶ,
325 1569 412 1646 άφετε
424 1570 596 1632 λούσασθαι·
611 1573 790 1650 λουσαμένας
800 1573 838 1642 δέ,
851 1571 943 1632 ὀπίσω

143 1657 360 1735 προσδέκεσθε.”
402 1660 480 1722 εἶπας
497 1663 593 1730 ταῦτα,
611 1661 773 1720 συνέπαινοι
793 1659 848 1740 γάρ
868 1659 944 1734 ἦσαν

144 1749 171 1804 οἱ
184 1746 304 1823 Πέρσαι,
325 1750 456 1827 γυναῖκας
480 1749 533 1824 μὲν
553 1747 722 1816 ἐξελθούσας
746 1747 893 1825 ἀπέπεμπε
917 1754 944 1812 ἐς

142 1833 194 1908 τόν
211 1835 381 1916 γυναικηίην·
403 1834 486 1898 αύτός
502 1836 532 1894 δὲ
550 1835 566 1896 ό
583 1835 768 1914 Ἀλέξανδρος
784 1836 863 1900 ἴσους
875 1841 943 1916 τῇσι

141 1923 250 2002 γυναιξὶ
263 1922 382 2001 οἶριθμόν
395 1922 495 2001 ἄνδρας
508 1926 689 2007 λειογενείους
699 1930 735 2005 τῇ
744 1929 798 1985 τῶν
807 1929 943 2006 γυναικῶν

142 2012 241 2087 ἐσθῆτι
260 2011 408 2086 σκευάσας,
425 2013 471 2072 καὶ
487 2014 637 2092 ἐγχειρίδια
656 2012 727 2084 δούς,
746 2017 858 2094 παρῆγε
877 2013 942 2072 ἐσω.

143 2099 275 2179 παράγων
288 2099 318 2157 δέ
335 2099 449 2163 τούτους
468 2101 548 2180 ἐλεγε
561 2105 636 2160 τοῖσι
651 2101 786 2180 Πέρσῃσι
798 2100 873 2160 τάδε·
895 2099 943 2162 “ὦ
970 2157 986 2172 κ

143 2187 263 2261 Πέρσαι,
277 2186 371 2245 οἴκατε
389 2187 541 2265 πανδαισίῃ
559 2189 642 2265 τελέῃ
663 2188 832 2262 εἶστιῆσθαι·
860 2187 896 2246 τά
913 2214 943 2247 τε

141 2272 197 2354 γάρ
221 2271 297 2331 ἄλλα
320 2272 376 2333 ὅσα
400 2274 519 2352 εἴχομεν,
542 2274 588 2332 καὶ
611 2274 689 2351 πρός,
713 2274 749 2334 τά
778 2273 823 2333 οἶά
850 2298 881 2334 τε
909 2274 944 2350 ἦν

143 2359 301 2437 ἐξευρόντας
324 2362 464 2440 παρέχειν,
485 2361 577 2422 πάντα
597 2360 662 2437 ύμῖν
682 2361 812 2438 πάρεστι·
841 2363 888 2420 καὶ
909 2363 943 2438 δὴ

142 2448 188 2506 καὶ
201 2447 264 2508 τάδε
277 2447 310 2508 τό
323 2447 434 2509 πάντων
447 2450 583 2530 μέγιστον
596 2447 646 2512 τάς
658 2475 690 2509 τε
704 2453 809 2509 ἑωυτῶν
821 2449 944 2525 μητέρας

145 2535 256 2599 καὶτὰς
274 2535 415 2613 α’δελφεάς
433 2535 687 2614 ἐπιδαψιλευόμεθα
700 2536 775 2614 ύμῖν·
797 2536 832 2600 ὦς
845 2563 943 2597 παντε-

141 2625 212 2688 λέως
226 2623 335 2702 μάθητε
353 2623 517 2702 τιμειόμενοι
534 2623 605 2702 πρός
623 2624 714 2702 η’μέων
732 2629 787 2686 τῶν
805 2627 857 2703 πέρ
879 2631 944 2686 ἐστε

143 2712 224 2784 όξιοι,
235 2712 306 2791 πρός
316 2713 345 2772 δέ
357 2715 402 2772 καὶ
412 2713 533 2790 βασιλέϊ
542 2717 580 2793 τῷ
589 2714 732 2794 πέμψαντι
744 2715 942 2797 ἀπαγγείλητε,

142 2801 177 2865 εός
186 2800 372 2880 άνῆρἝλλην
383 2801 552 2864 Μακεδόνων
561 2802 687 2883 ύπαρχος
697 2801 728 2864 εὖ
736 2802 821 2882 ύμέας
832 2804 944 2875 ἐδέξατο

143 2890 189 2950 καὶ
208 2890 331 2970 τραπέζῃ
350 2891 396 2954 καὶ
417 2890 521 2972 κοίτῃ·”
549 2895 637 2952 ταῦτα
658 2894 736 2958 εἶπας
751 2891 942 2971 Ἀλέξανδρος,

140 2980 248 3059 παρίζει
269 2979 370 3060 Πέρσῃ
391 2979 469 3059 άνδρὶ
490 2979 576 3058 ἄνδρα
597 2982 755 3055 Μακεδόνα,
773 2983 809 3047 ὥς
826 2987 944 3065 γυναῖκα

140 3072 178 3148 τῷ
198 3067 283 3152 λόγῳ·
313 3072 340 3129 οἱ
360 3069 398 3139 δέ,
421 3070 483 3130 ἐπεί
499 3071 532 3131 τέ
551 3077 648 3148 σφεων
672 3075 699 3131 οἱ
719 3073 827 3151 Πέρσει
846 3070 944 3150 ψαύειν

25 3154 29 3231 ψ
95 3155 130 3213 21
142 3159 297 3234 ἐπειρῶντο,
311 3157 487 3238 διεργάζοντο
498 3158 606 3224 αύτούς.
636 3161 694 3220 Καὶ
709 3158 786 3222 οὗτοι
795 3162 847 3239 μὲν
856 3157 943 3239 τούτῳ

2 3234 111 3370 A
141 3245 180 3318 τῷ
201 3243 277 3324 μόρῳ
297 3244 498 3323 διεφθάρησαν,
520 3245 567 3306 καὶ
587 3245 668 3307 αὐτοὶ
692 3249 738 3307 καὶ
761 3247 780 3325 ἡ
805 3247 943 3326 θεραπηίη
