2240 3424
159 71 206 118 ιιι
461 71 644 122 ἀτοιουοο
894 71 958 138 [υς.

158 152 186 209 οἱ
204 147 235 208 δέ
252 149 364 227 Πέρσαι
381 149 535 228 πυθόμενοί
551 156 643 226 σφεας
657 149 838 226 προσπλέειν,
853 149 961 232 (ἐνῆγον

158 236 204 296 καὶ
218 235 297 297 οὗτοὶ
309 236 379 314 πρός
391 237 443 312 τήν
455 235 570 314 ἤπειρον
586 236 636 300 τοὶς
653 237 715 299 νέας
732 236 783 300 τάς
795 237 895 308 ἄλλος,
908 239 960 304 τάς

158 323 188 382 δέ
200 324 332 406 Φοινίκων
348 323 457 399 ἀπῆκαν
474 325 636 384 ἀποπλέειν·
657 325 960 407 βουλευομένοισινγάρ

157 416 214 486 σφι
240 410 332 470 ἐδόκεε
355 411 509 489 ναυμαχίην
531 411 572 488 μή
596 412 751 470 ποιέεσθαι·
787 410 819 470 οὗ
841 412 897 491 γάρ
922 413 960 474 ὧν

157 497 266 558 ἐδόκεον
287 497 379 574 όμοῖοι
402 497 480 558 εἶναι·
507 503 535 562 ἐς
551 499 582 558 δέ
600 498 652 574 τήν
672 497 787 575 ἤπειρον
805 497 959 570 α’πέπλεον,

155 583 224 648 ὅκως
235 586 300 644 ἔωσι
307 584 362 645 ὑπό
371 585 421 646 τόν
430 585 514 656 πεζόν
528 585 650 663 στρατόν
662 585 712 645 τόν
722 585 862 662 σφέτερον
876 586 959 648 ἐόντα

157 676 186 731 ἐν
198 675 233 750 τῇ
247 672 379 751 Μυκάλῃ·
397 671 436 741 ὃς,
451 672 634 735 κελεύσαντος
646 673 760 748 Ξέρξεω,
774 675 958 750 καταλελειμ-

154 758 237 835 μένος
258 762 308 819 τοῦ
331 758 423 818 ἄλλου
440 763 569 836 στρατοῦ,
593 757 698 835 Ἰωνίην
719 758 879 835 ἐφύλασσε·
906 768 958 820 τοῦ

154 847 265 922 πλῆθος
283 849 335 924 μέν
355 845 390 922 ἦν
411 846 441 916 ἐξ
459 843 597 924 μυριάδες·
633 843 802 927 ἐστρατήγέε
823 847 853 906 δέ
871 845 957 908 αὖτοῦ

154 932 299 1014 Τιγράνης,
322 933 423 993 κάλλεΐ
442 959 473 993 τε
494 934 540 993 καὶ
562 933 679 1014 μεγάθεϊ
695 933 858 1010 ὑπερφέρων
883 940 958 1012 Περ-

154 1022 235 1081 σέων.
276 1020 332 1081 ivr&
355 1025 455 1081 τοῦτον
475 1023 527 1097 μέν
548 1021 582 1096 δή
603 1021 653 1081 τόν
674 1020 797 1097 στρατόν
822 1022 957 1096 ἐβουλεύ-

154 1133 242 1168 σαντο
274 1106 480 1188 καταφυγόντες
511 1110 537 1167 οἱ
563 1111 614 1166 τοῦ
642 1109 770 1168 ναυτικοῦ
800 1111 956 1190 στρατηγοὶ

154 1193 297 1272 α’νειρόσαι
315 1193 365 1257 τάς
383 1194 453 1264 νέας,
470 1193 516 1252 καὶ
535 1195 744 1271 περιβαλέσθαι
763 1194 850 1271 ἐρκος,
868 1196 956 1272 ἔρυμα

107 1281 208 1343 97τῶν
230 1287 298 1343 νεοῖν
319 1282 365 1342 καὶ
385 1282 481 1358 σφέων
504 1280 594 1342 αὐτῶν
615 1280 818 1362 κρησφύγετον.
861 1287 955 1343 Ταῦτα

152 1368 378 1447 βουλευσάμενοι
399 1368 545 1451 άνήγοντο·
576 1367 739 1446 ἀπικόμενοι
766 1369 795 1427 δέ
822 1368 899 1446 παρά
918 1371 954 1431 τό

152 1461 207 1517 τῶν
221 1458 361 1517 Ποτνιέων
377 1457 436 1534 ἱρόν
453 1461 503 1533 τῆς
520 1456 658 1532 Μυκάλης
675 1461 702 1520 ἐς
720 1456 850 1516 Γαίσωνά
862 1481 894 1515 τε
908 1460 955 1518 καὶ

153 1544 357 1613 Σκολοπόεντα,
377 1547 412 1622 τῇ
431 1544 581 1622 Δήμητρος
596 1543 771 1620 Ἐλευσινίης
789 1545 867 1604 ἐστὶν
884 1544 953 1621 ἱρόν,

151 1632 184 1692 τὰ
216 1631 352 1693 Φίλιστος
378 1630 395 1690 ό
424 1634 586 1694 Πασικλέος
615 1631 747 1708 ἱδρύσατο
780 1632 889 1710 Νείλεῳ
915 1639 954 1712 τῷ

152 1718 264 1796 Κόδρου
282 1717 468 1796 ἐπισπόμενος
483 1718 529 1778 ἐπὶ
545 1719 677 1794 Μιλήτου
695 1717 818 1788 κτιστῦν,
835 1719 954 1779 ἐνθαῦτα

150 1805 201 1870 τάς
220 1831 252 1866 τε
274 1806 336 1870 νέας
357 1805 505 1884 ἀνείρυσαν
527 1805 573 1864 καὶ
588 1805 793 1883 περιεβάλοντο
811 1806 888 1882 ἕρκος
906 1811 953 1866 καὶ

151 1894 237 1954 λίθων
263 1893 314 1952 καὶ
332 1892 429 1964 ξόλων,
455 1892 566 1970 δένδρεα
592 1892 757 1972 ἐκκόψαντες
782 1891 880 1971 ἥμερα,
906 1899 953 1955 καὶ

150 1980 297 2045 σκόλοπας
308 1982 373 2058 περὶ
384 1981 418 2042 τό
435 1981 513 2059 ἐρκος
529 1980 694 2056 κατέπηξαν·
715 1981 762 2040 καὶ
780 1983 952 2058 παρεσκευά-

151 2068 218 2129 δατο
242 2069 277 2133 οἷς
299 2067 554 2146 πολιορκησόμενοι
580 2068 627 2127 καὶ
654 2067 689 2130 ὦς
715 2067 884 2144 νικήσοντες,
909 2067 952 2130 ἐπ’

151 2155 307 2234 ἀμφότερα·
329 2156 521 2237 ἐπιλεγόμενοι
533 2156 589 2237 γάρ
603 2155 852 2233 παρεσκευάζοντο.

103 2247 142 2304 98
192 2247 228 2303 Οἱ
242 2244 271 2312 δὲ
283 2243 422 2319 Ἕλληνες
438 2243 473 2307 οἷς
489 2241 624 2304 ἐπίθοντο
640 2242 790 2322 οἰχωκότας
802 2242 866 2307 τούς
878 2245 951 2322 βαρ-

149 2328 256 2408 βάρους
276 2335 303 2393 ἐς
322 2330 374 2405 τήν
393 2329 516 2405 ἤπειρον,
534 2329 656 2410 ἤχθοντο
675 2329 711 2393 οἷς
730 2330 949 2412 ἐκπεφευγότων·

150 2423 180 2477 ἐν
199 2416 302 2495 ἀπορίη
321 2442 352 2476 τε
373 2416 481 2495 εἴχοντο
501 2416 518 2477 ὅ
537 2443 565 2478 τι
585 2417 709 2486 ποιέωσι,
724 2418 778 2476 εἴτε
798 2416 950 2478 ἀπαλλάσ-

148 2529 253 2564 σωνται
273 2503 364 2564 ὀπίσω
385 2504 439 2564 εἶτε
459 2505 639 2566 καταπλέωσι
659 2503 701 2566 ἐπ’
720 2503 949 2581 Ἑλλησπόντου·

147 2592 229 2655 τέλος
242 2589 265 2651 δ’
277 2591 352 2661 ἔδοξε
361 2590 465 2652 τοότων
473 2594 526 2669 μὲν
535 2591 672 2670 μηδέτερα
684 2592 797 2662 ποιέειν,
809 2593 951 2652 ἐπιπλέειν

150 2679 180 2738 δέ
194 2679 239 2738 ἐπὶ
251 2678 304 2755 τήν
317 2676 441 2756 ἤπειρον·
461 2678 742 2756 παρασκευασάμενοι
755 2678 793 2740 ὦν
807 2684 834 2742 ἐς
847 2703 950 2756 ναυμα·

147 2767 212 2844 χίην
225 2767 271 2825 καὶ
283 2764 450 2844 ἀποβάθρας
466 2765 562 2828 καὶτὰ
581 2765 659 2826 ἅλλα
677 2765 751 2827 ὅσων
768 2766 833 2837 ἐδεε,
848 2767 950 2827 ἔπλεον

147 2852 193 2912 ἐπὶ
212 2857 263 2929 τῆς
282 2853 429 2929 Μυκάλης.
470 2855 529 2913 ἐπεὶ
549 2854 579 2913 δέ
599 2852 690 2934 άγχοῦ
707 2879 739 2914 τε
756 2855 879 2935 ἐγίνοντο
899 2858 950 2915 τοῦ

146 2941 346 3016 στρατοπέδου,
360 2941 406 3000 καὶ
419 2939 506 3003 οὐδεὶς
520 2941 648 3015 ἐφαίνετό
662 2947 718 3016 σφι
731 2941 947 3022 ἐπαναγόμενος,

146 3025 223 3085 οἷλλιέ
237 3026 311 3104 ὥρων
324 3029 386 3090 νέας
398 3027 604 3104 ἀνελκυσμένας
618 3027 672 3086 ἐσω
685 3032 735 3086 τοῦ
748 3029 861 3107 τείχεος,
878 3033 949 3088 πολ«

147 3111 201 3172 λδν
225 3113 256 3173 δέ
274 3115 359 3186 πεζόν
377 3113 613 3190 παρακεκριμένον
636 3112 713 3190 παρά
736 3113 786 3176 τόν
807 3113 947 3195 αἰγιαλόν,

151 3197 262 3260 ἐνθαῦτα
274 3203 384 3278 πρῶτον
392 3201 444 3276 μέν
454 3203 529 3278 ἐντῇ
542 3199 587 3275 νηὶ
600 3199 778 3277 παραπλέων,
788 3199 948 3280 ἐγχρίμψας
