<?xml version="1.0" encoding="UTF-8"?>
<!DOCTYPE html PUBLIC "-//W3C//DTD XHTML 1.0 Transitional//EN"
    "http://www.w3.org/TR/xhtml1/DTD/xhtml1-transitional.dtd">
<html xmlns="http://www.w3.org/1999/xhtml" xml:lang="en" lang="en">
 <head>
  <title>
</title>
<meta http-equiv="Content-Type" content="text/html;charset=utf-8" />
  <meta name='ocr-system' content='tesseract 3.04.00' />
  <meta name='ocr-capabilities' content='ocr_page ocr_carea ocr_par ocr_line ocrx_word'/>
</head>
<body>
  <div class='ocr_page' id='page_1' title='image "./herodotusrecens01blakgoog_0074.png"; bbox 0 0 2204 3430; ppageno 0'>
   <div class='ocr_carea' id='block_1_1' title="bbox 135 121 989 3400">
    <p class='ocr_par' dir='ltr' id='par_1_1' title="bbox 135 121 989 2474">
     <span class='ocr_line' id='line_1_1' title="bbox 136 121 938 186; baseline -0.006 -9"><span class='ocrx_word' id='word_1_1' title='bbox 136 121 231 186; x_wconf 80' lang='lat'>7-11]</span> <span class='ocrx_word' id='word_1_2' title='bbox 451 121 453 124; x_wconf 87' lang='lat'>·</span> <span class='ocrx_word' id='word_1_3' title='bbox 481 121 595 170; x_wconf 79' lang='grc' dir='ltr'>ανκτα.</span> <span class='ocrx_word' id='word_1_4' title='bbox 907 125 938 173; x_wconf 82' lang='grc' dir='ltr'>ιι</span> 
     </span>
     <span class='ocr_line' id='line_1_2' title="bbox 136 197 941 280; baseline -0.002 -18"><span class='ocrx_word' id='word_1_5' title='bbox 136 201 224 262; x_wconf 88' lang='grc' dir='ltr'>κακόν</span> <span class='ocrx_word' id='word_1_6' title='bbox 243 226 272 261; x_wconf 93' lang='grc' dir='ltr'>τι</span> <span class='ocrx_word' id='word_1_7' title='bbox 286 199 400 276; x_wconf 77' lang='grc' dir='ltr'>λαβεῖν·</span> <span class='ocrx_word' id='word_1_8' title='bbox 423 202 511 260; x_wconf 88' lang='grc' dir='ltr'>ταῦτα</span> <span class='ocrx_word' id='word_1_9' title='bbox 532 197 733 280; x_wconf 80' lang='grc' dir='ltr'>ἐπιλεγόμενοι,</span> <span class='ocrx_word' id='word_1_10' title='bbox 754 198 941 270; x_wconf 73' lang='grc' dir='ltr'>συλλέξαντες</span> 
     </span>
     <span class='ocr_line' id='line_1_3' title="bbox 135 285 939 367; baseline -0.002 -17"><span class='ocrx_word' id='word_1_11' title='bbox 135 295 193 350; x_wconf 82' lang='grc' dir='ltr'>τῶν</span> <span class='ocrx_word' id='word_1_12' title='bbox 203 288 302 348; x_wconf 86' lang='grc' dir='ltr'>’Ῑιόνων</span> <span class='ocrx_word' id='word_1_13' title='bbox 317 286 382 350; x_wconf 85' lang='grc' dir='ltr'>τοῦς</span> <span class='ocrx_word' id='word_1_14' title='bbox 394 285 542 364; x_wconf 77' lang='grc' dir='ltr'>τυράννους</span> <span class='ocrx_word' id='word_1_15' title='bbox 562 285 588 346; x_wconf 73' lang='grc' dir='ltr'>οἳ</span> <span class='ocrx_word' id='word_1_16' title='bbox 604 285 650 346; x_wconf 76' lang='grc' dir='ltr'>ὐπ’</span> <span class='ocrx_word' id='word_1_17' title='bbox 663 285 870 367; x_wconf 78' lang='grc' dir='ltr'>Ἀρισταγόρεω</span> <span class='ocrx_word' id='word_1_18' title='bbox 887 289 939 364; x_wconf 69' lang='grc' dir='ltr'>μὲν</span> 
     </span>
     <span class='ocr_line' id='line_1_4' title="bbox 136 373 941 457; baseline 0.001 -20"><span class='ocrx_word' id='word_1_19' title='bbox 136 381 188 438; x_wconf 88' lang='grc' dir='ltr'>τοῦ</span> <span class='ocrx_word' id='word_1_20' title='bbox 201 376 348 451; x_wconf 85' lang='grc' dir='ltr'>Μιλησίου</span> <span class='ocrx_word' id='word_1_21' title='bbox 361 376 561 438; x_wconf 80' lang='grc' dir='ltr'>καταλυθέντες</span> <span class='ocrx_word' id='word_1_22' title='bbox 578 377 634 435; x_wconf 78' lang='grc' dir='ltr'>τῶν</span> <span class='ocrx_word' id='word_1_23' title='bbox 650 373 757 455; x_wconf 74' lang='grc' dir='ltr'>ἀρχέων</span> <span class='ocrx_word' id='word_1_24' title='bbox 773 377 893 457; x_wconf 80' lang='grc' dir='ltr'>ἔφευγον</span> <span class='ocrx_word' id='word_1_25' title='bbox 912 381 941 440; x_wconf 78' lang='grc' dir='ltr'>ές</span> 
     </span>
     <span class='ocr_line' id='line_1_5' title="bbox 138 462 940 544; baseline 0 -20"><span class='ocrx_word' id='word_1_26' title='bbox 138 462 446 544; x_wconf 46' lang='grc' dir='ltr'>Μήδουςψ-έτιίγχανον</span> <span class='ocrx_word' id='word_1_27' title='bbox 469 463 499 522; x_wconf 81' lang='grc' dir='ltr'>δὲ</span> <span class='ocrx_word' id='word_1_28' title='bbox 522 463 586 536; x_wconf 77' lang='grc' dir='ltr'>τότε</span> <span class='ocrx_word' id='word_1_29' title='bbox 612 463 866 541; x_wconf 85' lang='grc' dir='ltr'>συστρατευόμενοι</span> <span class='ocrx_word' id='word_1_30' title='bbox 893 463 940 524; x_wconf 81' lang='grc' dir='ltr'>ἐπὶ</span> 
     </span>
     <span class='ocr_line' id='line_1_6' title="bbox 137 548 939 630; baseline 0.006 -19"><span class='ocrx_word' id='word_1_31' title='bbox 137 551 190 628; x_wconf 82' lang='grc' dir='ltr'>τήν</span> <span class='ocrx_word' id='word_1_32' title='bbox 208 548 484 626; x_wconf 77' lang='grc' dir='ltr'>Μίλητον-τοῦτον</span> <span class='ocrx_word' id='word_1_33' title='bbox 505 555 560 612; x_wconf 80' lang='grc' dir='ltr'>τῶν</span> <span class='ocrx_word' id='word_1_34' title='bbox 581 550 687 629; x_wconf 77' lang='grc' dir='ltr'>ἀνδρῶν</span> <span class='ocrx_word' id='word_1_35' title='bbox 703 551 768 616; x_wconf 85' lang='grc' dir='ltr'>τοῦς</span> <span class='ocrx_word' id='word_1_36' title='bbox 785 551 939 630; x_wconf 80' lang='grc' dir='ltr'>παρεόντας</span> 
     </span>
     <span class='ocr_line' id='line_1_7' title="bbox 138 638 940 720; baseline 0.007 -24"><span class='ocrx_word' id='word_1_37' title='bbox 138 641 366 720; x_wconf 81' lang='grc' dir='ltr'>συγκαλέσαντες</span> <span class='ocrx_word' id='word_1_38' title='bbox 379 638 477 720; x_wconf 83' lang='grc' dir='ltr'>ἔλεγόν</span> <span class='ocrx_word' id='word_1_39' title='bbox 489 644 546 715; x_wconf 95' lang='grc' dir='ltr'>σφι</span> <span class='ocrx_word' id='word_1_40' title='bbox 558 639 633 700; x_wconf 80' lang='grc' dir='ltr'>τάδε·</span> <span class='ocrx_word' id='word_1_41' title='bbox 648 648 666 676; x_wconf 84' lang='grc'><strong>“</strong></span> <span class='ocrx_word' id='word_1_42' title='bbox 674 638 880 717; x_wconf 81' lang='grc' dir='ltr'>ἅνδρεςἾωνες,</span> <span class='ocrx_word' id='word_1_43' title='bbox 891 645 940 702; x_wconf 91' lang='grc' dir='ltr'>νῦν</span> 
     </span>
     <span class='ocr_line' id='line_1_8' title="bbox 137 725 938 812; baseline 0.002 -25"><span class='ocrx_word' id='word_1_44' title='bbox 137 753 181 790; x_wconf 88' lang='grc' dir='ltr'>τις</span> <span class='ocrx_word' id='word_1_45' title='bbox 201 726 292 812; x_wconf 76' lang='grc' dir='ltr'>ῦμέωρ</span> <span class='ocrx_word' id='word_1_46' title='bbox 312 725 342 785; x_wconf 82' lang='grc' dir='ltr'>εὖ</span> <span class='ocrx_word' id='word_1_47' title='bbox 359 726 482 803; x_wconf 82' lang='grc' dir='ltr'>ποιήσας</span> <span class='ocrx_word' id='word_1_48' title='bbox 500 727 615 804; x_wconf 89' lang='grc' dir='ltr'>φανήτω</span> <span class='ocrx_word' id='word_1_49' title='bbox 630 726 679 789; x_wconf 79' lang='grc' dir='ltr'>τόν</span> <span class='ocrx_word' id='word_1_50' title='bbox 699 729 839 804; x_wconf 80' lang='grc' dir='ltr'>βασιλέος</span> <span class='ocrx_word' id='word_1_51' title='bbox 852 729 938 790; x_wconf 74' lang='grc' dir='ltr'>οἶκον·</span> 
     </span>
     <span class='ocr_line' id='line_1_9' title="bbox 137 814 939 896; baseline 0.002 -22"><span class='ocrx_word' id='word_1_52' title='bbox 137 815 204 878; x_wconf 86' lang='grc' dir='ltr'>τοῦς</span> <span class='ocrx_word' id='word_1_53' title='bbox 215 814 272 896; x_wconf 66' lang='grc' dir='ltr'>γὰρ</span> <span class='ocrx_word' id='word_1_54' title='bbox 286 819 386 874; x_wconf 80' lang='grc' dir='ltr'>ἑωυτοῦ</span> <span class='ocrx_word' id='word_1_55' title='bbox 403 816 521 880; x_wconf 82' lang='grc' dir='ltr'>ἕκαστος</span> <span class='ocrx_word' id='word_1_56' title='bbox 533 815 624 893; x_wconf 85' lang='grc' dir='ltr'>ῦμέων</span> <span class='ocrx_word' id='word_1_57' title='bbox 643 816 782 891; x_wconf 85' lang='grc' dir='ltr'>πολιήτας</span> <span class='ocrx_word' id='word_1_58' title='bbox 795 815 939 893; x_wconf 75' lang='grc' dir='ltr'>πειράσθω</span> 
     </span>
     <span class='ocr_line' id='line_1_10' title="bbox 138 901 940 982; baseline 0.002 -20"><span class='ocrx_word' id='word_1_59' title='bbox 138 901 302 981; x_wconf 76' lang='grc' dir='ltr'>ἀποσχίζων</span> <span class='ocrx_word' id='word_1_60' title='bbox 314 901 370 962; x_wconf 82' lang='grc' dir='ltr'>α’πδ</span> <span class='ocrx_word' id='word_1_61' title='bbox 389 907 439 963; x_wconf 88' lang='grc' dir='ltr'>τοῦ</span> <span class='ocrx_word' id='word_1_62' title='bbox 455 907 558 963; x_wconf 81' lang='grc' dir='ltr'>λοιποῦ</span> <span class='ocrx_word' id='word_1_63' title='bbox 572 907 763 980; x_wconf 80' lang='grc' dir='ltr'>συμμαχικοῦ.</span> <span class='ocrx_word' id='word_1_64' title='bbox 804 903 940 982; x_wconf 80' lang='grc' dir='ltr'>προϊσχό-</span> 
     </span>
     <span class='ocr_line' id='line_1_11' title="bbox 138 988 940 1071; baseline 0 -21"><span class='ocrx_word' id='word_1_65' title='bbox 138 1015 219 1068; x_wconf 90' lang='grc' dir='ltr'>μενοι</span> <span class='ocrx_word' id='word_1_66' title='bbox 236 989 266 1049; x_wconf 78' lang='grc' dir='ltr'>δὲ</span> <span class='ocrx_word' id='word_1_67' title='bbox 284 991 492 1071; x_wconf 83' lang='grc' dir='ltr'>ἐπαγγείλασθε</span> <span class='ocrx_word' id='word_1_68' title='bbox 509 989 584 1059; x_wconf 82' lang='grc' dir='ltr'>τάδε,</span> <span class='ocrx_word' id='word_1_69' title='bbox 599 989 634 1052; x_wconf 82' lang='grc' dir='ltr'>ὦς</span> <span class='ocrx_word' id='word_1_70' title='bbox 652 989 800 1049; x_wconf 86' lang='grc' dir='ltr'>πείσονταί</span> <span class='ocrx_word' id='word_1_71' title='bbox 811 1014 842 1049; x_wconf 86' lang='grc' dir='ltr'>τε</span> <span class='ocrx_word' id='word_1_72' title='bbox 855 988 940 1068; x_wconf 78' lang='grc' dir='ltr'>ἄχαρι</span> 
     </span>
     <span class='ocr_line' id='line_1_12' title="bbox 139 1074 940 1154; baseline 0.001 -18"><span class='ocrx_word' id='word_1_73' title='bbox 139 1077 220 1138; x_wconf 76' lang='grc' dir='ltr'>οῦδὲν</span> <span class='ocrx_word' id='word_1_74' title='bbox 233 1077 278 1137; x_wconf 84' lang='grc' dir='ltr'>διαὶ</span> <span class='ocrx_word' id='word_1_75' title='bbox 290 1077 342 1154; x_wconf 84' lang='grc' dir='ltr'>τήν</span> <span class='ocrx_word' id='word_1_76' title='bbox 354 1075 524 1148; x_wconf 85' lang='grc' dir='ltr'>οἷπόστασιν,</span> <span class='ocrx_word' id='word_1_77' title='bbox 538 1077 603 1137; x_wconf 78' lang='grc' dir='ltr'>οὐδέ</span> <span class='ocrx_word' id='word_1_78' title='bbox 615 1083 672 1154; x_wconf 87' lang='grc' dir='ltr'>σφι</span> <span class='ocrx_word' id='word_1_79' title='bbox 685 1074 750 1138; x_wconf 81' lang='grc' dir='ltr'>οὔτε</span> <span class='ocrx_word' id='word_1_80' title='bbox 762 1075 798 1136; x_wconf 87' lang='grc' dir='ltr'>τοὶ</span> <span class='ocrx_word' id='word_1_81' title='bbox 812 1076 858 1154; x_wconf 59' lang='lat' dir='ltr'>tp&amp;</span> <span class='ocrx_word' id='word_1_82' title='bbox 877 1075 940 1137; x_wconf 78' lang='grc' dir='ltr'>οὔτε</span> 
     </span>
     <span class='ocr_line' id='line_1_13' title="bbox 137 1162 939 1243; baseline 0.002 -19"><span class='ocrx_word' id='word_1_83' title='bbox 137 1165 176 1224; x_wconf 80' lang='grc' dir='ltr'>τοὶ</span> <span class='ocrx_word' id='word_1_84' title='bbox 192 1166 249 1224; x_wconf 86' lang='grc' dir='ltr'>’ίδια</span> <span class='ocrx_word' id='word_1_85' title='bbox 267 1165 483 1243; x_wconf 75' lang='grc' dir='ltr'>ἐμπεπρήσεται,</span> <span class='ocrx_word' id='word_1_86' title='bbox 498 1165 562 1224; x_wconf 74' lang='grc' dir='ltr'>οὐδὲ</span> <span class='ocrx_word' id='word_1_87' title='bbox 578 1165 739 1242; x_wconf 83' lang='grc' dir='ltr'>βιαιότερον</span> <span class='ocrx_word' id='word_1_88' title='bbox 752 1164 847 1234; x_wconf 76' lang='grc' dir='ltr'>ἕξουσι</span> <span class='ocrx_word' id='word_1_89' title='bbox 861 1162 939 1226; x_wconf 71' lang='grc' dir='ltr'>οῦδὲν</span> 
     </span>
     <span class='ocr_line' id='line_1_14' title="bbox 138 1250 988 1332; baseline 0.001 -21"><span class='ocrx_word' id='word_1_90' title='bbox 138 1250 158 1328; x_wconf 85' lang='grc' dir='ltr'>ἦ</span> <span class='ocrx_word' id='word_1_91' title='bbox 175 1252 311 1330; x_wconf 88' lang='grc' dir='ltr'>πρότερον</span> <span class='ocrx_word' id='word_1_92' title='bbox 329 1253 414 1332; x_wconf 85' lang='grc' dir='ltr'>εἶχον·</span> <span class='ocrx_word' id='word_1_93' title='bbox 437 1256 460 1312; x_wconf 83' lang='grc' dir='ltr'>εί</span> <span class='ocrx_word' id='word_1_94' title='bbox 479 1253 509 1313; x_wconf 77' lang='grc' dir='ltr'>δὲ</span> <span class='ocrx_word' id='word_1_95' title='bbox 528 1256 616 1313; x_wconf 88' lang='grc' dir='ltr'>ταῦτα</span> <span class='ocrx_word' id='word_1_96' title='bbox 633 1254 685 1329; x_wconf 79' lang='grc' dir='ltr'>μὲν</span> <span class='ocrx_word' id='word_1_97' title='bbox 699 1251 731 1312; x_wconf 81' lang='grc' dir='ltr'>οὔ</span> <span class='ocrx_word' id='word_1_98' title='bbox 745 1251 900 1328; x_wconf 89' lang='grc' dir='ltr'>ποιήσουσι</span> <span class='ocrx_word' id='word_1_99' title='bbox 913 1255 940 1312; x_wconf 79' lang='grc' dir='ltr'>οἱ</span> <span class='ocrx_word' id='word_1_100' title='bbox 986 1317 988 1322; x_wconf 60' lang='grc'>,</span> 
     </span>
     <span class='ocr_line' id='line_1_15' title="bbox 138 1339 940 1422; baseline 0.002 -22"><span class='ocrx_word' id='word_1_101' title='bbox 138 1341 170 1400; x_wconf 84' lang='grc' dir='ltr'>δὲ</span> <span class='ocrx_word' id='word_1_102' title='bbox 187 1340 296 1404; x_wconf 85' lang='grc' dir='ltr'>πόντως</span> <span class='ocrx_word' id='word_1_103' title='bbox 313 1340 359 1400; x_wconf 84' lang='grc' dir='ltr'>διαὶ</span> <span class='ocrx_word' id='word_1_104' title='bbox 376 1340 470 1421; x_wconf 82' lang='grc' dir='ltr'>μόχης</span> <span class='ocrx_word' id='word_1_105' title='bbox 491 1339 663 1412; x_wconf 74' lang='grc' dir='ltr'>ἐλεύσονται,</span> <span class='ocrx_word' id='word_1_106' title='bbox 681 1341 746 1401; x_wconf 80' lang='grc' dir='ltr'>τάδε</span> <span class='ocrx_word' id='word_1_107' title='bbox 767 1348 824 1417; x_wconf 90' lang='grc' dir='ltr'>σφι</span> <span class='ocrx_word' id='word_1_108' title='bbox 842 1340 940 1422; x_wconf 89' lang='grc' dir='ltr'>λέγετε</span> 
     </span>
     <span class='ocr_line' id='line_1_16' title="bbox 139 1427 940 1506; baseline 0 -18"><span class='ocrx_word' id='word_1_109' title='bbox 139 1429 337 1506; x_wconf 81' lang='grc' dir='ltr'>ἐπηρεάζοντες</span> <span class='ocrx_word' id='word_1_110' title='bbox 357 1427 445 1506; x_wconf 78' lang='grc' dir='ltr'>τόπερ</span> <span class='ocrx_word' id='word_1_111' title='bbox 466 1431 559 1505; x_wconf 84' lang='grc' dir='ltr'>σφέας</span> <span class='ocrx_word' id='word_1_112' title='bbox 575 1429 692 1500; x_wconf 76' lang='grc' dir='ltr'>κατέξει·</span> <span class='ocrx_word' id='word_1_113' title='bbox 714 1429 749 1492; x_wconf 82' lang='grc' dir='ltr'>ὦς</span> <span class='ocrx_word' id='word_1_114' title='bbox 770 1429 940 1495; x_wconf 79' lang='grc' dir='ltr'>ἑσσωθέντες</span> 
     </span>
     <span class='ocr_line' id='line_1_17' title="bbox 138 1515 940 1595; baseline 0 -19"><span class='ocrx_word' id='word_1_115' title='bbox 138 1521 177 1595; x_wconf 77' lang='grc' dir='ltr'>τῇ</span> <span class='ocrx_word' id='word_1_116' title='bbox 195 1515 274 1595; x_wconf 80' lang='grc' dir='ltr'>μάχῃ</span> <span class='ocrx_word' id='word_1_117' title='bbox 289 1517 569 1593; x_wconf 78' lang='grc' dir='ltr'>ἐξανδραποδιεῦνται,</span> <span class='ocrx_word' id='word_1_118' title='bbox 584 1518 630 1577; x_wconf 87' lang='grc' dir='ltr'>καὶ</span> <span class='ocrx_word' id='word_1_119' title='bbox 643 1517 678 1581; x_wconf 79' lang='grc' dir='ltr'>ὥς</span> <span class='ocrx_word' id='word_1_120' title='bbox 691 1524 788 1594; x_wconf 88' lang='grc' dir='ltr'>σφεων</span> <span class='ocrx_word' id='word_1_121' title='bbox 800 1515 864 1580; x_wconf 87' lang='grc' dir='ltr'>τοῦς</span> <span class='ocrx_word' id='word_1_122' title='bbox 876 1519 940 1576; x_wconf 79' lang='grc' dir='ltr'>παῖ·</span> 
     </span>
     <span class='ocr_line' id='line_1_18' title="bbox 139 1603 939 1683; baseline 0.001 -20"><span class='ocrx_word' id='word_1_123' title='bbox 139 1604 190 1667; x_wconf 85' lang='grc' dir='ltr'>δας</span> <span class='ocrx_word' id='word_1_124' title='bbox 208 1605 335 1681; x_wconf 89' lang='grc' dir='ltr'>ε’κτομίας</span> <span class='ocrx_word' id='word_1_125' title='bbox 351 1603 508 1680; x_wconf 89' lang='grc' dir='ltr'>ποιήσομεν</span> <span class='ocrx_word' id='word_1_126' title='bbox 525 1605 574 1668; x_wconf 84' lang='grc' dir='ltr'>τοὶς</span> <span class='ocrx_word' id='word_1_127' title='bbox 593 1605 623 1666; x_wconf 75' lang='grc' dir='ltr'>δὲ</span> <span class='ocrx_word' id='word_1_128' title='bbox 640 1606 794 1683; x_wconf 86' lang='grc' dir='ltr'>παρθένους</span> <span class='ocrx_word' id='word_1_129' title='bbox 812 1603 939 1666; x_wconf 54' lang='grc' dir='ltr'>ἅνασπόε</span> 
     </span>
     <span class='ocr_line' id='line_1_19' title="bbox 139 1690 939 1774; baseline -0.001 -23"><span class='ocrx_word' id='word_1_130' title='bbox 139 1717 226 1754; x_wconf 87' lang='grc' dir='ltr'>στους</span> <span class='ocrx_word' id='word_1_131' title='bbox 240 1696 267 1754; x_wconf 81' lang='grc' dir='ltr'>ἐς</span> <span class='ocrx_word' id='word_1_132' title='bbox 280 1691 400 1768; x_wconf 81' lang='grc' dir='ltr'>Βάκτρα,</span> <span class='ocrx_word' id='word_1_133' title='bbox 418 1693 463 1750; x_wconf 88' lang='grc' dir='ltr'>καὶ</span> <span class='ocrx_word' id='word_1_134' title='bbox 482 1693 518 1756; x_wconf 75' lang='grc' dir='ltr'>ὥς</span> <span class='ocrx_word' id='word_1_135' title='bbox 534 1692 586 1770; x_wconf 81' lang='grc' dir='ltr'>τὴν</span> <span class='ocrx_word' id='word_1_136' title='bbox 603 1692 697 1774; x_wconf 79' lang='grc' dir='ltr'>χώρην</span> <span class='ocrx_word' id='word_1_137' title='bbox 715 1690 834 1752; x_wconf 74' lang='grc' dir='ltr'>ἄλλοισι</span> <span class='ocrx_word' id='word_1_138' title='bbox 851 1717 939 1770; x_wconf 87' lang='grc' dir='ltr'>παρα-</span> 
     </span>
     <span class='ocr_line' id='line_1_20' title="bbox 140 1778 989 1862; baseline 0.004 -25"><span class='ocrx_word' id='word_1_139' title='bbox 140 1778 293 1855; x_wconf 78' lang='grc' dir='ltr'>δώσομεν.”</span> <span class='ocrx_word' id='word_1_140' title='bbox 335 1783 372 1838; x_wconf 80' lang='grc' dir='ltr'>Οἳ</span> <span class='ocrx_word' id='word_1_141' title='bbox 384 1781 436 1855; x_wconf 80' lang='grc' dir='ltr'>μὲν</span> <span class='ocrx_word' id='word_1_142' title='bbox 454 1779 488 1856; x_wconf 79' lang='grc' dir='ltr'>δή</span> <span class='ocrx_word' id='word_1_143' title='bbox 504 1782 601 1862; x_wconf 83' lang='grc' dir='ltr'>ἔλεγον</span> <span class='ocrx_word' id='word_1_144' title='bbox 613 1781 710 1841; x_wconf 87' lang='grc' dir='ltr'>ταῦτα·</span> <span class='ocrx_word' id='word_1_145' title='bbox 730 1783 791 1841; x_wconf 84' lang='grc' dir='ltr'>τῦν</span> <span class='ocrx_word' id='word_1_146' title='bbox 800 1779 830 1840; x_wconf 77' lang='grc' dir='ltr'>δὲ</span> <span class='ocrx_word' id='word_1_147' title='bbox 841 1779 940 1840; x_wconf 83' lang='grc' dir='ltr'>Ἰαίνων</span> <span class='ocrx_word' id='word_1_148' title='bbox 953 1778 989 1840; x_wconf 83' lang='grc'>10</span> 
     </span>
     <span class='ocr_line' id='line_1_21' title="bbox 141 1866 940 1944; baseline 0.001 -19"><span class='ocrx_word' id='word_1_149' title='bbox 141 1869 168 1925; x_wconf 83' lang='grc' dir='ltr'>οἱ</span> <span class='ocrx_word' id='word_1_150' title='bbox 180 1866 308 1944; x_wconf 84' lang='grc' dir='ltr'>τύραννοι</span> <span class='ocrx_word' id='word_1_151' title='bbox 321 1867 473 1944; x_wconf 81' lang='grc' dir='ltr'>διέπεμπον</span> <span class='ocrx_word' id='word_1_152' title='bbox 483 1869 579 1931; x_wconf 81' lang='grc' dir='ltr'>νυκτός</span> <span class='ocrx_word' id='word_1_153' title='bbox 594 1869 711 1930; x_wconf 80' lang='grc' dir='ltr'>ἕκαστος</span> <span class='ocrx_word' id='word_1_154' title='bbox 725 1872 752 1931; x_wconf 79' lang='grc' dir='ltr'>ἐς</span> <span class='ocrx_word' id='word_1_155' title='bbox 764 1867 829 1932; x_wconf 85' lang='grc' dir='ltr'>τοῦς</span> <span class='ocrx_word' id='word_1_156' title='bbox 840 1870 940 1926; x_wconf 74' lang='grc' dir='ltr'>ἑωυτοῦ</span> 
     </span>
     <span class='ocr_line' id='line_1_22' title="bbox 141 1952 940 2034; baseline 0.001 -22"><span class='ocrx_word' id='word_1_157' title='bbox 141 1954 391 2034; x_wconf 57' lang='grc' dir='ltr'>ἐξαγγελλόμενος.</span> <span class='ocrx_word' id='word_1_158' title='bbox 429 1957 456 2013; x_wconf 71' lang='lat' dir='ltr'>ot</span> <span class='ocrx_word' id='word_1_159' title='bbox 473 1954 605 2018; x_wconf 81' lang='grc' dir='ltr'>δὲ”Ιωνες</span> <span class='ocrx_word' id='word_1_160' title='bbox 621 1959 648 2016; x_wconf 88' lang='grc' dir='ltr'>ε’ς</span> <span class='ocrx_word' id='word_1_161' title='bbox 665 1954 730 2016; x_wconf 85' lang='grc' dir='ltr'>τοῦς</span> <span class='ocrx_word' id='word_1_162' title='bbox 749 1955 795 2012; x_wconf 85' lang='grc' dir='ltr'>καὶ</span> <span class='ocrx_word' id='word_1_163' title='bbox 806 1952 940 2013; x_wconf 87' lang='grc' dir='ltr'>οἶπίκοντο</span> 
     </span>
     <span class='ocr_line' id='line_1_23' title="bbox 140 2033 940 2123; baseline 0.001 -24"><span class='ocrx_word' id='word_1_164' title='bbox 140 2039 223 2100; x_wconf 83' lang='grc' dir='ltr'>αὗται</span> <span class='ocrx_word' id='word_1_165' title='bbox 244 2045 273 2100; x_wconf 81' lang='grc' dir='ltr'>αἱ</span> <span class='ocrx_word' id='word_1_166' title='bbox 293 2041 433 2123; x_wconf 79' lang='grc' dir='ltr'>ἀγγελίαι,</span> <span class='ocrx_word' id='word_1_167' title='bbox 452 2040 636 2123; x_wconf 85' lang='grc' dir='ltr'>α’γνωμοσόνη</span> <span class='ocrx_word' id='word_1_168' title='bbox 657 2065 688 2102; x_wconf 88' lang='grc' dir='ltr'>τε</span> <span class='ocrx_word' id='word_1_169' title='bbox 710 2040 873 2120; x_wconf 84' lang='grc' dir='ltr'>διεχρέωντο</span> <span class='ocrx_word' id='word_1_170' title='bbox 894 2033 940 2100; x_wconf 77' lang='grc' dir='ltr'>καί</span> 
     </span>
     <span class='ocr_line' id='line_1_24' title="bbox 141 2127 940 2207; baseline 0.003 -19"><span class='ocrx_word' id='word_1_171' title='bbox 141 2127 174 2188; x_wconf 83' lang='grc' dir='ltr'>οῦ</span> <span class='ocrx_word' id='word_1_172' title='bbox 194 2131 344 2207; x_wconf 88' lang='grc' dir='ltr'>προσίεντο</span> <span class='ocrx_word' id='word_1_173' title='bbox 365 2128 417 2206; x_wconf 83' lang='grc' dir='ltr'>τήν</span> <span class='ocrx_word' id='word_1_174' title='bbox 437 2129 602 2207; x_wconf 86' lang='grc' dir='ltr'>προδοσίην·</span> <span class='ocrx_word' id='word_1_175' title='bbox 624 2129 754 2189; x_wconf 81' lang='grc' dir='ltr'>ἔωυτοῖσί</span> <span class='ocrx_word' id='word_1_176' title='bbox 772 2154 803 2188; x_wconf 93' lang='grc' dir='ltr'>τε</span> <span class='ocrx_word' id='word_1_177' title='bbox 826 2127 940 2190; x_wconf 78' lang='grc' dir='ltr'>ἕκαστοι</span> 
     </span>
     <span class='ocr_line' id='line_1_25' title="bbox 141 2215 939 2299; baseline 0.005 -24"><span class='ocrx_word' id='word_1_178' title='bbox 141 2217 250 2278; x_wconf 80' lang='grc' dir='ltr'>ἐδόκεον</span> <span class='ocrx_word' id='word_1_179' title='bbox 262 2218 392 2296; x_wconf 81' lang='grc' dir='ltr'>μούνοισι</span> <span class='ocrx_word' id='word_1_180' title='bbox 403 2222 492 2280; x_wconf 90' lang='grc' dir='ltr'>ταῦτα</span> <span class='ocrx_word' id='word_1_181' title='bbox 503 2217 568 2281; x_wconf 87' lang='grc' dir='ltr'>τοῦς</span> <span class='ocrx_word' id='word_1_182' title='bbox 580 2219 694 2296; x_wconf 90' lang='grc' dir='ltr'>Πέρσας</span> <span class='ocrx_word' id='word_1_183' title='bbox 707 2215 939 2299; x_wconf 77' lang='grc' dir='ltr'>ἐξαγγέλλεσθαι.</span> 
     </span>
     <span class='ocr_line' id='line_1_26' title="bbox 139 2304 940 2384; baseline 0.004 -20"><span class='ocrx_word' id='word_1_184' title='bbox 139 2309 228 2366; x_wconf 85' lang='grc' dir='ltr'>ταῦτα</span> <span class='ocrx_word' id='word_1_185' title='bbox 239 2307 291 2383; x_wconf 85' lang='grc' dir='ltr'>μέν</span> <span class='ocrx_word' id='word_1_186' title='bbox 304 2331 352 2366; x_wconf 90' lang='grc' dir='ltr'>νυν</span> <span class='ocrx_word' id='word_1_187' title='bbox 366 2307 443 2370; x_wconf 82' lang='grc' dir='ltr'>ἰθέως</span> <span class='ocrx_word' id='word_1_188' title='bbox 456 2306 628 2384; x_wconf 78' lang='grc' dir='ltr'>ἀπικομένων</span> <span class='ocrx_word' id='word_1_189' title='bbox 641 2311 668 2370; x_wconf 89' lang='grc' dir='ltr'>ές</span> <span class='ocrx_word' id='word_1_190' title='bbox 680 2304 872 2382; x_wconf 78' lang='grc' dir='ltr'>τήνΜίλητον</span> <span class='ocrx_word' id='word_1_191' title='bbox 884 2310 940 2368; x_wconf 80' lang='grc' dir='ltr'>τῶν</span> 
     </span>
     <span class='ocr_line' id='line_1_27' title="bbox 140 2395 409 2474; baseline 0 -22"><span class='ocrx_word' id='word_1_192' title='bbox 140 2396 274 2470; x_wconf 89' lang='grc' dir='ltr'>Περσέων</span> <span class='ocrx_word' id='word_1_193' title='bbox 295 2395 409 2474; x_wconf 88' lang='grc' dir='ltr'>ε’γίνετο.</span> 
     </span>
    </p>

    <p class='ocr_par' dir='ltr' id='par_1_2' title="bbox 139 2479 984 3400">
     <span class='ocr_line' id='line_1_28' title="bbox 181 2479 984 2560; baseline -0.002 -20"><span class='ocrx_word' id='word_1_194' title='bbox 181 2483 263 2541; x_wconf 85' lang='grc' dir='ltr'>Μετοὶ</span> <span class='ocrx_word' id='word_1_195' title='bbox 277 2483 314 2551; x_wconf 81' lang='grc' dir='ltr'>δὲ,</span> <span class='ocrx_word' id='word_1_196' title='bbox 328 2487 383 2541; x_wconf 80' lang='grc' dir='ltr'>τῶν</span> <span class='ocrx_word' id='word_1_197' title='bbox 391 2481 490 2541; x_wconf 77' lang='grc' dir='ltr'>Ἰώνων</span> <span class='ocrx_word' id='word_1_198' title='bbox 503 2480 716 2560; x_wconf 89' lang='grc' dir='ltr'>συλλεχθέντων</span> <span class='ocrx_word' id='word_1_199' title='bbox 729 2484 757 2542; x_wconf 83' lang='grc' dir='ltr'>ἒς</span> <span class='ocrx_word' id='word_1_200' title='bbox 768 2479 822 2556; x_wconf 76' lang='grc' dir='ltr'>τήν</span> <span class='ocrx_word' id='word_1_201' title='bbox 834 2479 938 2557; x_wconf 86' lang='grc' dir='ltr'>Λιίδην,</span> <span class='ocrx_word' id='word_1_202' title='bbox 950 2481 984 2538; x_wconf 95' lang='lat' dir='ltr'>ll</span> 
     </span>
     <span class='ocr_line' id='line_1_29' title="bbox 140 2566 939 2650; baseline 0.003 -24"><span class='ocrx_word' id='word_1_203' title='bbox 140 2569 265 2650; x_wconf 80' lang='grc' dir='ltr'>ἐγίνοντο</span> <span class='ocrx_word' id='word_1_204' title='bbox 284 2569 393 2650; x_wconf 80' lang='grc' dir='ltr'>α’γοραί·</span> <span class='ocrx_word' id='word_1_205' title='bbox 414 2571 460 2630; x_wconf 89' lang='grc' dir='ltr'>καὶ</span> <span class='ocrx_word' id='word_1_206' title='bbox 478 2569 512 2645; x_wconf 89' lang='grc' dir='ltr'>δή</span> <span class='ocrx_word' id='word_1_207' title='bbox 529 2593 578 2628; x_wconf 90' lang='grc' dir='ltr'>κου</span> <span class='ocrx_word' id='word_1_208' title='bbox 597 2575 653 2645; x_wconf 91' lang='grc' dir='ltr'>σφι</span> <span class='ocrx_word' id='word_1_209' title='bbox 672 2569 717 2627; x_wconf 86' lang='grc' dir='ltr'>καὶ</span> <span class='ocrx_word' id='word_1_210' title='bbox 736 2566 822 2630; x_wconf 78' lang='grc' dir='ltr'>ιῖλλοι</span> <span class='ocrx_word' id='word_1_211' title='bbox 839 2567 939 2650; x_wconf 89' lang='grc' dir='ltr'>ήγορό·</span> 
     </span>
     <span class='ocr_line' id='line_1_30' title="bbox 139 2655 940 2738; baseline 0 -22"><span class='ocrx_word' id='word_1_212' title='bbox 139 2683 219 2728; x_wconf 85' lang='grc' dir='ltr'>ωντο,</span> <span class='ocrx_word' id='word_1_213' title='bbox 233 2663 262 2716; x_wconf 82' lang='grc' dir='ltr'>έν</span> <span class='ocrx_word' id='word_1_214' title='bbox 281 2657 310 2716; x_wconf 83' lang='grc' dir='ltr'>δὲ</span> <span class='ocrx_word' id='word_1_215' title='bbox 329 2657 362 2733; x_wconf 82' lang='grc' dir='ltr'>δή</span> <span class='ocrx_word' id='word_1_216' title='bbox 381 2659 427 2717; x_wconf 87' lang='grc' dir='ltr'>καὶ</span> <span class='ocrx_word' id='word_1_217' title='bbox 445 2657 485 2738; x_wconf 84' lang='grc' dir='ltr'>[ὁ]</span> <span class='ocrx_word' id='word_1_218' title='bbox 503 2657 631 2720; x_wconf 84' lang='grc' dir='ltr'>Φωκαεῦς</span> <span class='ocrx_word' id='word_1_219' title='bbox 643 2655 827 2738; x_wconf 79' lang='grc' dir='ltr'>[στρατηγός]</span> <span class='ocrx_word' id='word_1_220' title='bbox 841 2655 940 2716; x_wconf 74' lang='grc' dir='ltr'>Διονύ-</span> 
     </span>
     <span class='ocr_line' id='line_1_31' title="bbox 139 2741 939 2825; baseline -0.004 -21"><span class='ocrx_word' id='word_1_221' title='bbox 139 2770 203 2807; x_wconf 89' lang='grc' dir='ltr'>σιος</span> <span class='ocrx_word' id='word_1_222' title='bbox 216 2746 306 2824; x_wconf 90' lang='grc' dir='ltr'>λέγων</span> <span class='ocrx_word' id='word_1_223' title='bbox 319 2745 394 2805; x_wconf 82' lang='grc' dir='ltr'>τάδε·</span> <span class='ocrx_word' id='word_1_224' title='bbox 415 2756 433 2782; x_wconf 88' lang='grc'><strong>“</strong></span> <span class='ocrx_word' id='word_1_225' title='bbox 442 2747 488 2805; x_wconf 82' lang='grc' dir='ltr'>ἐπὶ</span> <span class='ocrx_word' id='word_1_226' title='bbox 500 2745 584 2822; x_wconf 79' lang='grc' dir='ltr'>ξυροῦ</span> <span class='ocrx_word' id='word_1_227' title='bbox 597 2743 652 2825; x_wconf 73' lang='grc' dir='ltr'>γὰρ</span> <span class='ocrx_word' id='word_1_228' title='bbox 666 2743 756 2822; x_wconf 84' lang='grc' dir='ltr'>ιίκμῆς</span> <span class='ocrx_word' id='word_1_229' title='bbox 766 2745 858 2822; x_wconf 74' lang='grc' dir='ltr'>ἔχεται</span> <span class='ocrx_word' id='word_1_230' title='bbox 871 2741 939 2820; x_wconf 85' lang='grc' dir='ltr'>ήμῖν</span> 
     </span>
     <span class='ocr_line' id='line_1_32' title="bbox 139 2827 940 2912; baseline -0.001 -22"><span class='ocrx_word' id='word_1_231' title='bbox 139 2831 176 2890; x_wconf 73' lang='grc' dir='ltr'>τό</span> <span class='ocrx_word' id='word_1_232' title='bbox 194 2831 354 2912; x_wconf 85' lang='grc' dir='ltr'>πρήγματα,</span> <span class='ocrx_word' id='word_1_233' title='bbox 376 2831 472 2912; x_wconf 75' lang='grc' dir='ltr'>ἅνδρες</span> <span class='ocrx_word' id='word_1_234' title='bbox 487 2830 619 2908; x_wconf 66' lang='grc' dir='ltr'>Ἰωνες,ἢ</span> <span class='ocrx_word' id='word_1_235' title='bbox 638 2832 707 2892; x_wconf 81' lang='grc' dir='ltr'>εἶναι</span> <span class='ocrx_word' id='word_1_236' title='bbox 726 2832 899 2908; x_wconf 80' lang='grc' dir='ltr'>ἐλευθέροισι</span> <span class='ocrx_word' id='word_1_237' title='bbox 921 2827 940 2905; x_wconf 80' lang='grc' dir='ltr'><strong><em>ἢ</em></strong></span> 
     </span>
     <span class='ocr_line' id='line_1_33' title="bbox 140 2916 940 2998; baseline -0.001 -21"><span class='ocrx_word' id='word_1_238' title='bbox 140 2917 278 2990; x_wconf 74' lang='grc' dir='ltr'>δούλοισι,</span> <span class='ocrx_word' id='word_1_239' title='bbox 294 2921 339 2979; x_wconf 85' lang='grc' dir='ltr'>καὶ</span> <span class='ocrx_word' id='word_1_240' title='bbox 356 2920 482 2982; x_wconf 82' lang='grc' dir='ltr'>τούτοισι</span> <span class='ocrx_word' id='word_1_241' title='bbox 502 2919 538 2982; x_wconf 78' lang='grc' dir='ltr'>ὥς</span> <span class='ocrx_word' id='word_1_242' title='bbox 558 2919 722 2998; x_wconf 80' lang='grc' dir='ltr'>δρηπέτῃσι·</span> <span class='ocrx_word' id='word_1_243' title='bbox 743 2923 791 2978; x_wconf 87' lang='grc' dir='ltr'>νῦν</span> <span class='ocrx_word' id='word_1_244' title='bbox 805 2917 842 2976; x_wconf 84' lang='grc' dir='ltr'>ὦν</span> <span class='ocrx_word' id='word_1_245' title='bbox 859 2916 940 2990; x_wconf 82' lang='grc' dir='ltr'>ῦμέες</span> 
     </span>
     <span class='ocr_line' id='line_1_34' title="bbox 139 3001 940 3084; baseline -0.016 -18"><span class='ocrx_word' id='word_1_246' title='bbox 139 3003 175 3082; x_wconf 83' lang='grc' dir='ltr'>ἢν</span> <span class='ocrx_word' id='word_1_247' title='bbox 188 3009 240 3084; x_wconf 81' lang='grc' dir='ltr'>μὲν</span> <span class='ocrx_word' id='word_1_248' title='bbox 252 3007 402 3083; x_wconf 76' lang='grc' dir='ltr'>βούλησθε</span> <span class='ocrx_word' id='word_1_249' title='bbox 417 3008 606 3083; x_wconf 87' lang='grc' dir='ltr'>ταλαιπωρίας</span> <span class='ocrx_word' id='word_1_250' title='bbox 620 3005 787 3071; x_wconf 82' lang='grc' dir='ltr'>ἐνδέκεσθαι,</span> <span class='ocrx_word' id='word_1_251' title='bbox 801 3001 834 3059; x_wconf 79' lang='grc' dir='ltr'>τό</span> <span class='ocrx_word' id='word_1_252' title='bbox 853 3023 940 3072; x_wconf 87' lang='grc' dir='ltr'>παρα-</span> 
     </span>
     <span class='ocr_line' id='line_1_35' title="bbox 140 3081 939 3172; baseline -0.016 -19"><span class='ocrx_word' id='word_1_253' title='bbox 140 3099 238 3172; x_wconf 78' lang='grc' dir='ltr'>χρῆμα</span> <span class='ocrx_word' id='word_1_254' title='bbox 251 3097 303 3172; x_wconf 78' lang='grc' dir='ltr'>μὲν</span> <span class='ocrx_word' id='word_1_255' title='bbox 316 3094 400 3154; x_wconf 87' lang='grc' dir='ltr'>πόνος</span> <span class='ocrx_word' id='word_1_256' title='bbox 410 3093 476 3169; x_wconf 73' lang='grc' dir='ltr'>ὑμῖν</span> <span class='ocrx_word' id='word_1_257' title='bbox 489 3095 576 3161; x_wconf 83' lang='grc' dir='ltr'>ἔσται,</span> <span class='ocrx_word' id='word_1_258' title='bbox 589 3091 645 3150; x_wconf 79' lang='grc' dir='ltr'>οἶοί</span> <span class='ocrx_word' id='word_1_259' title='bbox 656 3115 687 3150; x_wconf 89' lang='grc' dir='ltr'>τε</span> <span class='ocrx_word' id='word_1_260' title='bbox 701 3091 730 3146; x_wconf 79' lang='grc' dir='ltr'>δὲ</span> <span class='ocrx_word' id='word_1_261' title='bbox 744 3085 845 3144; x_wconf 82' lang='grc' dir='ltr'>ἔσεσθε</span> <span class='ocrx_word' id='word_1_262' title='bbox 857 3081 939 3156; x_wconf 78' lang='grc' dir='ltr'>ῦπερ-</span> 
     </span>
     <span class='ocr_line' id='line_1_36' title="bbox 140 3165 941 3258; baseline -0.015 -18"><span class='ocrx_word' id='word_1_263' title='bbox 140 3183 320 3258; x_wconf 87' lang='grc' dir='ltr'>βαλλόμενοι</span> <span class='ocrx_word' id='word_1_264' title='bbox 340 3178 405 3240; x_wconf 83' lang='grc' dir='ltr'>τοῦς</span> <span class='ocrx_word' id='word_1_265' title='bbox 427 3180 564 3241; x_wconf 76' lang='grc' dir='ltr'>ἐναντίους</span> <span class='ocrx_word' id='word_1_266' title='bbox 591 3178 661 3239; x_wconf 82' lang='grc' dir='ltr'>εἶναι</span> <span class='ocrx_word' id='word_1_267' title='bbox 684 3171 833 3243; x_wconf 77' lang='grc' dir='ltr'>ἐλεύθεροι·</span> <span class='ocrx_word' id='word_1_268' title='bbox 861 3170 885 3222; x_wconf 74' lang='grc' dir='ltr'>εἶ</span> <span class='ocrx_word' id='word_1_269' title='bbox 911 3165 941 3222; x_wconf 65' lang='grc' dir='ltr'>δὲ</span> 
     </span>
     <span class='ocr_line' id='line_1_37' title="bbox 141 3249 940 3347; baseline -0.024 -20"><span class='ocrx_word' id='word_1_270' title='bbox 141 3269 266 3347; x_wconf 82' lang='grc' dir='ltr'>μαλακίῃ</span> <span class='ocrx_word' id='word_1_271' title='bbox 279 3267 371 3328; x_wconf 83' lang='grc' dir='ltr'>τεκαὶ</span> <span class='ocrx_word' id='word_1_272' title='bbox 385 3264 484 3342; x_wconf 79' lang='grc' dir='ltr'>ἀταξίῃ</span> <span class='ocrx_word' id='word_1_273' title='bbox 497 3263 699 3344; x_wconf 73' lang='grc' dir='ltr'>διαχρήσεσθε,</span> <span class='ocrx_word' id='word_1_274' title='bbox 709 3253 838 3330; x_wconf 79' lang='grc' dir='ltr'>οὐδεμίαν</span> <span class='ocrx_word' id='word_1_275' title='bbox 851 3249 940 3326; x_wconf 84' lang='grc' dir='ltr'>ῦμέων</span> 
     </span>
     <span class='ocr_line' id='line_1_38' title="bbox 150 3349 528 3400; baseline 0.005 -2"><span class='ocrx_word' id='word_1_276' title='bbox 150 3349 234 3400; x_wconf 84' lang='grc' dir='ltr'>Π.-6</span> <span class='ocrx_word' id='word_1_277' title='bbox 520 3361 528 3380; x_wconf 83' lang='grc'><strong>“</strong></span> 
     </span>
    </p>
   </div>
   <div class='ocr_carea' id='block_1_2' title="bbox 0 0 1110 3430">
    <p class='ocr_par' dir='ltr' id='par_1_3' title="bbox 0 0 1110 3430">
     <span class='ocr_line' id='line_1_39' title="bbox 0 0 1110 3430; baseline 0 0"><span class='ocrx_word' id='word_1_278' title='bbox 0 0 1110 3430; x_wconf 95' lang='lat' dir='ltr'> </span> 
     </span>
    </p>
   </div>
  </div>
 </body>
</html>
