2240 3424
156 93 295 156 τοι-τοι]
460 91 647 140 mmmm.
908 89 954 138 τοο

155 173 281 231 ἔλασσον
295 170 419 250 εἶχοντῇ
435 169 524 249 μάχη·
546 170 605 228 ε’τεὶ
622 169 651 228 δὲ
666 171 721 228 τῶν
736 167 890 244 Ἀθηναίων
908 166 955 226 καὶ

153 261 210 318 τῶν
234 259 397 336 προσεχέων
423 257 439 316 ό
466 255 596 334 στρατός,
620 255 690 319 ὅκως
713 258 818 314 ἑωυτῶν
842 254 956 335 γένηται

153 344 186 403 τό
204 344 284 424 ἔργον
300 344 347 403 καὶ
366 343 406 420 μή
423 344 654 420 Λακεδαιμονίων,
671 341 955 420 παρακελευσάμενοι,

155 431 237 510 ἔργου
250 431 358 509 εἴχοντο
371 430 588 507 προθυμότερον,
599 431 724 491 ἐνθεῦτεν
736 427 790 506 ἤδη
801 433 955 506 ἑτεροιοῦτο

153 515 187 578 τό
207 522 334 598 πρῆγμα·
356 517 522 594 διωσάμενοι
534 517 589 596 γάρ
607 516 644 576 τά
661 518 748 596 γέρρα
767 514 850 586 οὗτοι,
872 516 955 594 φερό-

153 628 233 678 μενοι
250 605 388 664 ἐσέπεσον
407 603 488 666 άλέες
509 609 537 666 ές
555 603 619 666 τοὺς
639 604 764 680 Πέρσας·
786 606 813 662 οἱ
829 603 858 662 δὲ
879 603 954 674 δεξά·

153 715 240 766 μενοι,
256 691 302 750 καὶ
314 691 417 770 χρόνον
430 690 534 769 συχνόν
550 689 725 767 ἀμυνόμενοι,
739 690 821 753 τέλος
837 692 955 773 ἔφευγον

155 781 183 840 ἔς
195 777 229 838 τό
241 782 343 857 τεῖχος·
363 777 508 854 Ἀθηναῖοι
524 777 553 836 δὲ
572 778 618 836 καὶ
636 777 781 853 Κορίνθιοι
794 779 840 836 καὶ
854 779 954 843 Σικυῶ-

154 889 208 924 νιοι
226 866 272 924 καὶ
291 864 455 943 Τροιζήνιοι,
475 863 558 946 (οὕτω
575 864 631 946 γάρ
647 863 722 939 ἦσαν
739 864 839 940 ε’πεξῆς
858 891 954 946 τεταγ-

153 951 253 1032 μένοι)
274 952 512 1029 συνεπισπόμενοι
532 951 739 1012 συνεσέπιπτον
759 955 787 1014 ές
802 951 835 1010 τό
853 955 955 1031 τεῖχος·

155 1037 191 1100 ῶς
211 1039 241 1098 δὲ
261 1039 307 1098 καὶ
326 1040 360 1099 τό
379 1042 473 1118 τεῖχος
490 1038 634 1117 ἀραίρητο,
651 1036 707 1097 οὔτ’
722 1038 761 1098 ἔτι
779 1037 849 1116 πρὸς
864 1038 956 1116 ἀλκήν

155 1124 307 1202 ἐτράποντο
328 1129 355 1186 οἳ
374 1126 520 1204 βάρβαροι
539 1126 609 1202 πρός
630 1124 724 1206 φυγήν
741 1151 772 1185 τε
791 1125 912 1203 ὁρμέατο
928 1129 956 1187 οἶ

154 1210 240 1272 ἄλλοι
259 1213 336 1289 πλὴν
356 1214 498 1290 Περσέων·
520 1211 597 1272 οὗτοι
617 1213 646 1272 δὲ
670 1211 729 1272 κατ’
749 1211 863 1293 ὀλίγους
881 1213 954 1294 γινό-

154 1325 240 1374 μενοι,
255 1300 394 1380 ἐμάχοντο
409 1303 486 1360 τοῖσι
501 1301 555 1359 αἰεὶ
575 1304 603 1363 ἐς
621 1299 655 1360 τό
674 1302 767 1378 τεῖχος
784 1301 954 1360 ἐσπίπτουσι

154 1387 307 1462 Ἑλλήνων.
349 1387 395 1446 καὶ
411 1391 466 1447 τῶν
484 1391 650 1468 στρατηγῶν
667 1390 722 1446 τῶν
740 1391 889 1464 Περσικῶν
905 1387 954 1448 δύο

153 1476 205 1548 μὲν
218 1473 421 1556 ἀποφεύγουσι,
435 1473 484 1533 δύο
498 1473 527 1532 δὲ
539 1477 701 1534 τελευτῶσι·
721 1472 890 1552 Ἀρταΰντης
901 1477 954 1551 μὲν

154 1561 200 1620 καὶ
212 1559 378 1640 Ἰθαμίτρης,
389 1565 439 1622 τοῦ
452 1564 581 1621 ναυτικοῦ
594 1561 819 1642 στρατηγέοντες,
830 1561 953 1638 άποφεό-

152 1663 246 1728 γουσι·
287 1649 454 1727 Μαρδόντης
474 1646 567 1709 δὲκαὶ
587 1647 603 1710 ό
623 1653 674 1709 τοῦ
692 1650 777 1720 πεζοῦ
794 1649 952 1731 στρατηγός

153 1735 289 1816 Τιγράνης
297 1737 453 1816 μαχόμενοι
462 1741 621 1797 τελευτῶσι
653 1734 717 1796 Ἔτι
727 1736 757 1795 δὲ
765 1738 932 1816 μαχομένων
942 1739 1000 1798 103

153 1827 208 1882 τῶν
234 1824 367 1899 Περσέων
393 1822 526 1889 ἀπίκοντο
545 1821 760 1899 Λακεδαιμόνιοι
780 1824 826 1882 καὶ
846 1827 873 1883 οἱ
892 1823 952 1901 μετ’

153 1907 250 1978 αὐτῶν,
265 1910 311 1966 καὶ
323 1909 359 1967 τά
374 1909 463 1967 λοιπά
481 1908 702 1985 συνδιεχείριζον.
746 1909 848 1968 ἔπεσον
863 1911 892 1968 δὲ
905 1912 952 1970 καὶ

153 1993 312 2054 αὐτῶντῶν
329 1993 473 2068 Ἑλλήνων
494 1994 594 2070 συχνοὶ
614 1993 732 2052 ε’νθαῢτα
751 1993 837 2053 ἄλλοι
855 2021 887 2055 τε
906 1997 952 2056 καὶ

155 2079 306 2150 Σικυῶνιοι,
320 2081 366 2139 καὶ
379 2080 538 2160 στρατηγὸς
547 2080 697 2157 Περίλεως.
730 2083 785 2140 τῶν
798 2081 828 2140 δὲ
841 2083 952 2159 Σαμίων

153 2168 179 2226 οἱ
200 2165 424 2244 στρατευόμενοι,
446 2165 535 2229 ε’όντες
554 2192 585 2226 τε
606 2171 635 2226 έν
654 2169 692 2245 τῷ
712 2169 892 2248 στρατοπέδῳ
911 2173 950 2249 τῷ

153 2253 269 2332 Μηδικῷ
282 2254 328 2313 καὶ
341 2253 560 2332 ἀπαραιρημένοι
573 2253 609 2313 τά
622 2252 707 2324 ὅπλα,
719 2254 753 2318 ῶς
768 2255 841 2316 εἶδον
853 2255 951 2317 αὐτίκα

153 2339 211 2400 κατ’
231 2339 320 2420 άρχάς
339 2341 488 2423 γινομένην
509 2341 657 2418 ἑτεραλκέα
677 2340 730 2417 τὴν
748 2341 851 2422 μάχην,
873 2345 952 2422 ἔρδον

152 2426 222 2488 ὅσον
241 2427 382 2503 ἠδυνέατο,
396 2429 608 2506 προσωφελέειν
628 2428 771 2493 ἐθέλοντες
790 2433 867 2490 τοῖσι
882 2431 951 2491 Ἔλ-

151 2518 230 2589 λησι·
252 2515 374 2592 Σαμίους
392 2515 422 2575 δὲ
439 2515 541 2579 ἰδόντες
560 2519 588 2575 οἲ
603 2515 689 2575 ἄλλοι
700 2514 794 2581 Ἴωνες
807 2516 954 2594 ἄρξαντας,

152 2600 222 2660 οὕτω
232 2601 266 2676 δὴ
278 2603 324 2660 καὶ
334 2601 413 2663 αὐτοὶ
423 2601 597 2666 ἀποστάντες
609 2603 665 2664 άτδ
676 2604 810 2682 Περσέων
820 2606 951 2666 ἐπέθεντο

150 2691 227 2748 τοῖσι
249 2688 436 2766 βαρβάροισι.
478 2690 652 2766 Μιλησίοισι
673 2691 703 2750 δὲ
710 2693 930 2770 ·προσετέτακτο
940 2695 997 2754 104

150 2777 202 2850 μὲν
229 2779 285 2835 τῶν
312 2777 445 2852 Περσέων
471 2775 521 2840 τάς
547 2777 654 2841 διόδους
683 2783 785 2856 τηρεῖν,
813 2779 951 2856 σωτηρίης

151 2860 240 2922 εἵνεκά
253 2868 320 2938 σφι·
342 2861 385 2932 ὥς,
399 2861 434 2938 ἣν
446 2861 500 2940 άρα
514 2865 606 2939 σφέας
619 2865 826 2943 καταλαμβάνῃ
839 2865 885 2924 οἶά
897 2891 950 2943 περ

150 2949 299 3025 κατέλαβε,
321 2950 431 3028 ἔχοντες
447 2949 586 3030 ἡγεμόνας
602 2951 744 3022 σώζωνται
759 2957 787 3014 ε’ς
802 2952 852 3014 τάς
872 2977 950 3030 κορυ-

151 3035 207 3111 φάς
218 3041 270 3113 τῆς
282 3036 428 3112 Μυκάλης·
450 3036 611 3116 ἐτάχθησαν
623 3039 675 3116 μέν
688 3065 736 3099 νυν
754 3039 801 3098 ε’πὶ
815 3042 899 3099 τοῦτο
913 3039 948 3100 τό

149 3127 267 3206 πρῆγμα
283 3127 310 3184 οἶ
330 3122 480 3201 Μιλήσιοι,
493 3124 593 3186 τούτου
612 3151 643 3185 τε
663 3119 764 3186 εἵνεκεν
781 3127 827 3186 καὶ
847 3127 892 3186 ἵνα
907 3126 949 3206 μὴ

150 3211 297 3291 παρεόντες
310 3217 339 3274 έν
350 3215 389 3292 τῶ
402 3213 581 3294 στρατοπέδω
596 3239 624 3274 τι
640 3214 760 3296 νεοχμόν
772 3216 900 3278 ποιέοιεν·
920 3217 948 3276 ol
