2240 3424
159 80 206 126 ιιι
468 73 649 122 ἨΡοΔουον
890 75 955 141 [lx.

162 160 213 234 μὲν
229 163 256 220 ἐς
273 157 383 233 ἅμαξαν
401 154 528 215 ἐσθέντες
543 151 593 212 τόν
610 153 707 230 νεκρόν
724 154 802 232 παροῖ
818 155 869 218 τάς
880 155 957 227 τάξις

161 244 295 320 ἐκόμιζον·
318 242 334 302 ό
347 243 377 301 δὲ
390 241 485 317 νεκρός
494 239 529 315 ῆν
544 241 607 316 θέης
620 239 704 310 ἄξιος,
717 241 854 322 μεγάθεος
868 245 959 304 εἵνεκα

161 333 205 390 καὶ
220 331 347 392 κάλλεος·
368 329 465 388 τῶνδὲ
480 328 569 387 εἵνεκα
583 329 628 386 καὶ
641 333 728 388 ταῦτα
739 330 856 390 ἐποίευν·
872 334 959 392 ἐκλεί-

160 444 258 481 ποντες
277 418 327 480 τοὶς
350 416 426 486 τάξις
450 416 576 492 ἐφοίτεον
597 416 764 494 θεησόμενοι
783 421 958 480 Μασίστιον·

160 506 230 582 μετὰ
252 506 289 576 δὲ,
313 505 389 574 ἔδοξέ
410 511 466 580 σφι
487 506 691 581 ἐπικαταβῆναι
712 510 739 569 ἐς
758 507 914 570 Πλαταιάς·
943 504 959 570 ό

160 593 214 674 γάρ
232 597 322 674 χῶρος
341 593 469 668 ἐφαίνετο
487 596 587 670 πολλῷ
604 593 658 651 εἰδν
673 593 883 671 ἐπιτηδειότερός
901 603 960 674 σφι

161 681 462 760 ἐνστρατοπεδεύεσθαι
483 680 499 740 ό
521 679 692 742 Πλαταιῖκδς
715 685 765 739 τοῦ
785 680 959 759 Ἐρυθραίου,

160 771 196 829 τά
208 797 239 830 τε
252 769 337 840 ἄλλα,
348 768 394 828 καὶ
409 767 591 846 εύϋδρότερος·
607 773 634 832 ἐς
646 772 746 828 τοῦτον
756 769 789 845 δή
800 769 849 830 τόν
858 775 958 849 χῶρον,

162 859 207 916 καὶ
226 859 271 917 ἐπὶ
291 857 343 936 τῆν
360 857 461 936 κρήνην
479 857 530 933 τῆν
544 857 709 938 Γαργαφίην
722 857 773 933 τῆν
787 862 816 916 ἐν
828 863 866 936 τῷ
879 859 959 938 χώρῳ

161 946 248 1026 τούτῳ
263 951 373 1016 ἐοῦσαν,
389 948 402 1004 ἐ
418 947 465 1016 οξέ
483 951 538 1020 σφι
551 945 634 1024 χρεόν
653 945 722 1004 εἶναι
735 943 893 1018 ἀπικέσθαι,
914 948 959 1006 καὶ

162 1035 359 1115 διαταχθέντας
378 1032 658 1111 στρατοπεδεύεσθαι·
680 1032 871 1108 ἀναλαβόντες
885 1035 915 1092 δὲ
924 1036 960 1094 τοὶ

162 1120 246 1193 ὅπλα,
260 1123 347 1199 ῆϊσαν
360 1122 405 1182 διδ
417 1125 468 1198 τῆς
480 1121 614 1197 ύπωρείης
631 1125 681 1180 τοῦ
695 1122 868 1198 Κιθαιρῶνος
883 1121 960 1200 παρά

161 1209 259 1274 Ὕσιοῖς
278 1216 305 1274 ἐς
321 1211 373 1286 τῆν
392 1210 551 1269 Πλαταιίδα
568 1213 629 1290 γῆν,
649 1208 819 1285 ἀπικόμενοι,
829 1209 858 1268 δὲ
879 1208 958 1269 ἐτάσ-

162 1325 247 1360 σοντο
259 1298 329 1358 κατά
343 1301 421 1360 ἔθνεα
434 1299 560 1374 πλησίον
569 1302 619 1373 τῆς
631 1323 661 1357 τε
676 1296 776 1376 κρήνης
788 1295 838 1373 τῆξ
852 1303 960 1378 Γαργα-

163 1387 229 1464 φίης
244 1389 289 1446 καὶ
301 1391 351 1447 τοῦ
368 1393 495 1463 τεμένεος
510 1390 560 1445 τοῦ
572 1383 788 1464 Ἀνδροκράτεος
800 1389 850 1458 τοῦ
862 1384 959 1463 ἥρωος,

166 1474 210 1534 διδ
224 1474 315 1555 όχθων
327 1501 358 1534 τε
372 1474 421 1534 οὐκ
435 1473 551 1552 ύψηλῶν
565 1475 611 1533 καὶ
625 1473 727 1534 ἀπέδου
740 1474 851 1552 χωρίου.

115 1565 153 1622 26
202 1562 340 1622 Ἐνθαΰτα
362 1567 391 1622 ἐν
411 1567 448 1641 τῆ
470 1561 576 1631 διατάξι
604 1563 712 1641 ἐγένετο
733 1561 825 1642 λόγων
850 1561 959 1627 πολλός

166 1647 289 1726 ὠθισμός
302 1651 458 1730 Τεγεητέων
470 1674 501 1708 τε
518 1650 564 1706 καὶ
576 1648 738 1724 Ἀθηναίων·
760 1650 892 1710 ἐδικαίευν
904 1651 959 1731 γάρ

165 1737 242 1796 αὐτοὶ
260 1736 383 1814 ἑκάτεροι
402 1738 474 1816 ἔχειν
489 1735 521 1796 τδ
540 1735 633 1814 ἕτερον
652 1738 740 1814 κέρας,
755 1739 800 1796 καὶ
817 1737 895 1798 καινά
914 1739 960 1797 καὶ

164 1825 271 1884 παλαιοὶ
284 1825 493 1902 παραφέροντες
511 1825 586 1906 ἔργα.
628 1829 711 1886 τοῦτο
724 1828 775 1903 μὲν
789 1829 815 1885 οἱ
827 1829 961 1906 Τεγεῆται

165 1914 261 1995 ἔλεγον
274 1913 349 1975 τάδε·
371 1923 389 1948 “
396 1912 476 1992 ἡμεῖς
489 1913 544 1972 αἰεί
555 1939 619 1974 κοτε
638 1912 785 1991 ἀξιεύμεθα
798 1913 898 1990 ταύτης
911 1918 960 1989 τῆς

163 2002 255 2072 τάξιος
274 2008 304 2062 ἐκ
321 2006 376 2063 τῶν
394 2002 549 2082 συμμάχων
568 2001 703 2073 ἁπάντων,
722 2001 788 2061 ὅσαι
801 2001 854 2078 ήδη
872 2001 961 2071 ἔξοδοι

164 2093 252 2152 κοιναὶ
263 2092 389 2172 ἐγένοντο
403 2091 662 2168 Πελοποννησίοισι
676 2090 722 2149 καὶ
734 2090 767 2150 τό
781 2089 903 2151 παλαιόν
916 2090 961 2149 καὶ

163 2179 196 2238 τδ
215 2180 283 2251 νέον,
299 2178 330 2246 ἐξ
348 2179 451 2238 ἐκείνου
468 2183 518 2238 τοῦ
536 2178 638 2258 χρόνου
656 2177 718 2238 ἐπεί
733 2203 764 2238 τε
781 2175 962 2254 Ἡρακλεῖδαι

165 2271 310 2342 ἐπειρῶντο
328 2264 399 2341 μετοὶ
417 2265 467 2326 τόν
480 2265 640 2344 Εὐρυσθέος
654 2265 772 2326 θάνατον
783 2263 920 2328 κατιόντες
935 2269 962 2329 ἐς

81 2387 89 2400 ·
164 2351 392 2429 Πελοπόννησον.
435 2352 499 2414 τότε
519 2354 654 2432 εὖρόμεθα
674 2356 755 2411 τοῦτο
776 2350 821 2409 διαὶ
844 2355 962 2431 πρῆγμα

163 2439 279 2501 τοιόνδε·
309 2441 369 2502 ἐπεὶ
389 2441 461 2520 μετὰ
480 2441 603 2521 Ἀχαιῶν
626 2440 671 2499 καὶ
691 2438 790 2498 Ἰιύνων
815 2441 870 2499 τῶν
896 2439 961 2500 τότε

165 2526 262 2590 ἐόντων
276 2534 305 2590 ἐν
318 2528 537 2608 Πελοποννήσῳ,
552 2527 777 2605 ἐκβοηθήσαντες
789 2531 816 2590 ἐς
828 2526 878 2587 τόν
887 2526 962 2588 Ἰσθ-

164 2616 218 2693 μόν
235 2617 349 2695 ἱζόμεθα
369 2617 457 2678 οἷντίοι
478 2619 553 2676 τοῖσι
577 2617 714 2675 κατιοῦσι·
735 2614 799 2675 τότε
820 2614 857 2675 ὧν
876 2613 973 2698 λόγοςΙ

161 2703 269 2765 Ὕλλον
282 2704 499 2788 ἀγορεύσασθαι,
515 2702 550 2766 ὥς
562 2701 646 2782 χρεόν
659 2704 700 2779 εἴη
713 2701 763 2763 τόν
776 2705 828 2781 μὲν
841 2703 963 2782 στρατόν

163 2797 202 2872 τῷ
221 2797 332 2871 στρατῷ
349 2791 389 2868 μῆ
406 2790 621 2852 ἀνακινδυνεύειν
641 2790 859 2870 συμβάλλοντα·
885 2796 915 2850 ἐκ
933 2791 963 2851 δὲ

166 2885 216 2942 τοῦ
225 2879 457 2954 Πελοποννησίου
465 2879 719 2955 στρατοπέδου,τδν
727 2878 761 2941 ἂν
769 2881 866 2957 σφέων
874 2878 963 2939 αύτιὲν

165 2969 277 3045 κρίνωσι
294 2967 362 3026 εἶναι
381 2964 497 3043 ἄριστον
517 2967 618 3029 τοῦτόν
642 2971 669 3028 οἱ
687 2972 904 3048 μουνομαχῆσαι
918 2967 963 3026 ἐπὶ

165 3055 371 3132 διακειμένοισι.
387 3054 464 3124 ἔδοξέ
472 3080 503 3115 τε
512 3059 589 3118 τοῖσι
603 3057 864 3134 Πελοποννησίοισι
876 3057 962 3114 ταῦτα

166 3141 235 3202 εἶναι
247 3143 371 3220 ποιητέα,
387 3143 433 3202 καὶ
446 3143 548 3221 ἐταμον
560 3145 640 3224 ὅρκια
655 3145 700 3206 ἐπὶ
713 3144 789 3225 λόγῳ
803 3142 906 3221 τοιῷδε·
927 3137 962 3216 ῆν

173 3231 216 3289 ιέν
236 3229 344 3296 Ὕλλος
371 3231 472 3311 νικήσῃ
499 3232 548 3295 τόν
568 3234 805 3310 Πελοποννησίων
829 3226 962 3311 ἡγεμόνα»
