2294 3430
188 131 232 182 110
481 134 666 184 αιςοιοαοτ
919 131 980 198 [vl.
1131 153 1142 184 ι

185 213 354 291 προσέφερε·
375 213 452 278 ἐνδδς
473 216 575 274 κιθῶνα
596 213 685 294 μέγαν
701 215 748 274 καὶ
766 213 873 274 κόλπον
891 213 982 272 πολύν

184 299 405 377 καταλιπόμενος
423 305 473 360 τοῦ
490 302 612 368 κιθῶνος,
626 299 773 376 κοθόρνους
792 300 857 362 τοῦς
872 298 981 377 εὕρισκε

184 385 348 462 εὐρυτάτους
370 387 463 451 ἐόντας
479 386 699 464 ὕποδησάμενος,
713 386 758 462 ῆίε
770 392 798 450 ές
810 387 859 446 τόν
877 388 981 464 θησαυ-

163 473 231 550 Ιρόν
255 479 282 538 ἐς
305 474 355 534 τόν
379 478 406 534 οἱ
430 475 606 556 κατηγέοντο,
632 474 762 534 ἐσπεσών
785 475 815 534 δὲ
839 479 866 538 ἐς
889 475 982 553 σωρόν

182 561 337 641 ψήγματος,
357 565 455 638 πρῶτα
475 564 527 638 μέν
548 562 691 638 παρέσαξε
711 562 788 640 πιρά
805 562 855 624 τάς
875 563 981 639 κνήμας

180 652 231 708 τοῦ
250 653 358 727 χρυσοῦ
378 648 447 708 ὅσον
464 648 582 727 ἐχώρεον
595 651 622 708 οί
636 649 773 727 κόθορνοι·
793 649 865 726 μετά
878 650 916 720 δέ,
930 650 980 712 τόν

181 734 289 795 κόλπον
308 734 401 796 πάντα
421 735 604 812 πλησάμενος
623 741 740 814 χρυσοῦ,
756 737 802 796 καὶ
815 743 843 799 ἐς
854 737 904 799 τοὶς
922 738 980 815 τρί-

180 849 234 902 χας
252 827 303 899 τῆς
319 827 447 899 κεφαλῆς
460 823 600 886 διαπάσας
612 827 662 883 τοῦ
677 823 831 904 ψήγματος,
845 825 891 882 καὶ
904 823 979 884 ἄλλο

180 910 280 988 λαβών
303 916 330 973 ἐς
349 910 382 970 τδ
398 910 500 988 στόμα,
516 910 589 986 ἐξῆίε
609 915 640 970 έκ
657 916 707 971 τοῦ
728 912 871 988 θησαυροῦ
891 912 979 972 ἕλκων

180 1000 231 1073 μὲν
250 998 333 1079 μόγις
352 998 417 1061 τοδς
430 997 585 1074 κοθόρνους,
601 999 685 1058 παντὶ
698 999 729 1057 δέ
741 1025 794 1078 τεῳ
807 999 887 1061 οίκαὶς
905 1003 977 1076 μᾶλ-

177 1089 230 1144 λον
250 1084 269 1162 ἢ
290 1085 433 1165 ἀνθρώπῳ·
461 1089 511 1146 τοῦ
534 1086 567 1146 τό
590 1111 621 1145 τε
644 1086 739 1162 στόμα
762 1087 908 1162 ἐβέβυστο
932 1089 978 1146 καὶ

178 1173 270 1233 πάντα
297 1173 443 1254 ἐξώγκωτο.
486 1173 579 1233 ἰδόντα
606 1173 636 1232 δέ
658 1172 709 1232 τθν
736 1177 862 1250 Κροῖσον
888 1173 978 1253 γέλως

179 1262 293 1336 ἐσῆλθε·
321 1262 370 1320 καί
392 1264 418 1320 οἱ
443 1260 535 1320 πάντα
557 1287 588 1320 τε
611 1263 701 1319 ἐκεῖνα
724 1261 803 1332 διδοῖ,
827 1260 873 1319 καὶ
897 1261 975 1336 πρός,

179 1349 258 1425 ἔτερα
288 1348 415 1425 δωρέεται
447 1346 496 1405 οὐκ
527 1347 643 1406 ἐλάσσω
671 1350 787 1407 ἐκείνων.
829 1347 899 1408 οὕτω
924 1350 976 1424 μὲν

173 1433 369 1512 1ἐπλούτησεῆ
388 1435 459 1509 οἰκίη
476 1432 545 1509 αὕτη
563 1434 700 1514 μεγάλως·
722 1436 768 1495 καὶ
784 1435 799 1494 ὁ
815 1433 975 1510 Ἀλκμαίων

178 1518 259 1583 οὗτος
285 1519 355 1579 οὕτω
380 1521 671 1597 τεθριπποτροφήσας,
694 1521 874 1598 Ὀλυμπιάδα
899 1520 974 1579 άναι-

134 1607 297 1683 126ρέεται.
338 1606 420 1666 Μετά
444 1607 481 1677 δὲ,
503 1613 585 1689 γενεῇ
608 1608 720 1686 δευτέρῃ
741 1609 868 1685 ὕστερον,
890 1612 974 1666 Κλει·

178 1695 279 1770 σθένης
298 1721 347 1772 μιν
362 1693 379 1754 οι
393 1696 530 1759 Σικυῶνος
542 1695 674 1772 τύραννος
687 1695 798 1774 ἐξήειρε,
814 1695 884 1754 ὥστε
904 1699 972 1754 πολ-

177 1784 219 1860 λῷ
230 1781 454 1859 ὀνομαστοτέρην
463 1782 594 1862 γενέσθαι
607 1787 636 1841 ε’ν
649 1786 726 1841 τοῖσι
735 1781 862 1859 Ἕλλησι
874 1781 893 1858 ἢ
906 1782 973 1860 πρό

178 1894 259 1945 τερον
278 1868 322 1944 ῆν.
364 1870 531 1929 Κλεισθένεϊ
554 1868 609 1949 ’γάρ
631 1873 670 1949 τῷ
691 1870 899 1948 Ἀριστωνύμου
922 1874 973 1930 τοῦ

177 1955 310 2034 Μάρωνος
328 1961 379 2017 τοῦ
399 1956 519 2034 Ἀνδρέω
539 1957 645 2038 γίνεται
667 1957 789 2036 θυγάτηρ
810 1961 846 2034 τῇ
868 1955 973 2032 οὕνομα

175 2042 211 2120 ἦν
225 2044 389 2126 Ἀγαρίστη.
430 2045 533 2120 ταύτην
552 2044 683 2119 ἠθέλησε,
701 2043 845 2118 Ἑλλήνων
863 2043 973 2105 πάντων

177 2130 292 2208 ἐξευρών
314 2131 364 2190 τόν
391 2129 515 2207 ἄριστον,
543 2130 630 2210 τούτῳ
656 2133 773 2210 γυναῖκα
797 2132 971 2207 προσθεῖναι.

175 2216 337 2294 Ὀλυμπίων
358 2217 395 2277 ὦν
412 2217 510 2278 ἐόντων
527 2217 573 2276 καὶ
590 2222 672 2278 νικῶν
688 2223 717 2278 ἐν
734 2217 844 2278 αὐτοῖσι
862 2220 972 2296 τεθρίπ-

176 2331 219 2383 πῳ
233 2306 249 2364 ά
264 2306 446 2380 Κλεισθέιης,
461 2305 590 2385 κήρυγμα
603 2303 763 2380 έποιήσατο,
779 2305 858 2368 ὅστις
869 2304 972 2382 Ἐλλῆ

177 2417 230 2451 νων
252 2391 350 2452 ἐωυτὸν
374 2389 449 2461 άξιοῖ
469 2394 656 2456 Κλεισθένεος
678 2393 809 2473 γαμβρόν
833 2393 984 2474 γενέσθαι,

177 2476 254 2554 ἥκειν
274 2483 301 2542 ἐς
321 2478 476 2554 ἑξηκοστὴν
492 2479 598 2556 ἡμέρην
610 2478 629 2556 ἢ
642 2481 688 2539 καὶ
701 2479 835 2558 πρότερον
853 2485 880 2544 ἐς
894 2481 972 2544 Σικυ-

176 2568 239 2635 ῶνα,
254 2565 289 2630 ὥς
308 2564 480 2643 κυρώσοντος
494 2569 681 2630 Κλεισθένεος
698 2567 856 2648 τόνγάμον
874 2572 903 2628 ἐν
921 2572 972 2628 ε’νι-

175 2656 255 2732 αυτῷ,
278 2652 333 2713 dud
354 2657 404 2729 τῆς
426 2653 578 2729 ἑξηκοστῆς
600 2654 755 2732 ἀρξαμένου
776 2654 890 2732 ἡμέρης.
932 2657 972 2714 ἐν·

175 2740 263 2800 θαῦτα
286 2739 431 2816 Ἑλλήνων
454 2740 519 2800 ὅσοι
543 2742 631 2816 σφίσι
653 2767 684 2801 τε
705 2741 816 2802 αὐτοῖσι
833 2741 908 2816 ἦσαν
927 2743 972 2800 καὶ

174 2827 266 2906 πάτρη
277 2827 473 2908 ἐξωγκωμένοι,
482 2827 610 2902 ἐφοίτεον
622 2833 788 2906 μνηστῆρες·
802 2832 879 2888 τοῖσι
888 2831 971 2887 Κλει-

174 2915 276 2991 σθένης
294 2915 339 2974 καὶ
360 2914 464 2992 δρόμον
478 2916 525 2972 καὶ
536 2914 715 2992 παλαίστρην
727 2915 916 2993 ποιησάμενος
930 2913 972 2974 ἐπ’

129 3003 184 3064 127
194 3001 267 3082 αὐτῷ
279 3002 367 3081 τούτῳ
380 3001 460 3081 εἴχελ
475 3000 549 3061 'Asta
562 3005 614 3078 μὲν
627 3002 661 3078 δῆ
674 3002 796 3078 Ἰταλίης
808 3002 879 3078 ἦλθε
888 3003 971 3078 Σμιν-

174 3089 283 3168 δυρίδης
298 3089 314 3150 ὁ
330 3088 528 3166 Ἱπποκράτεος
545 3090 703 3166 Συβαρίτης
721 3089 751 3152 ὃς
768 3091 812 3148 ἐπὶ
834 3093 971 3148 πλεῖστον

173 3176 209 3251 δῆ
226 3178 327 3258 χλιδῆς
345 3177 383 3240 εἶς
400 3175 471 3255 άνῆρ
490 3175 614 3237 α’πίκετο·
636 3175 655 3252 ἤ
676 3176 707 3234 δὲ
723 3174 846 3254 Σύβαρις
864 3174 970 3250 ἤκμαζε

189 3267 272 3326 οὓτον
288 3266 337 3328 τόν
354 3263 457 3345 χρόνον
473 3263 610 3343 μάλιστα·
632 3263 678 3324 καὶ
695 3261 805 3341 Σιρίτης
823 3259 969 3338 Δάμασος,
