2280 3432
177 82 224 128 212
476 77 660 126 Ἧνοιονοα
896 77 973 141 [vn.

175 157 261 217 αὐτοῦ
281 156 505 229 ἀπαλλάξεσθαι,
525 155 601 215 άλλά
623 159 837 233 καταμείναντες
855 159 975 218 συναπέ·

176 246 267 304 θανον·
290 243 458 325 ἐστρατήγεε
472 245 501 302 δὲ
515 243 605 302 αὐτῶν
619 244 788 320 Δημόφιλος
802 244 974 323 Διαδρόμεω.

126 333 187 391 223
236 333 341 408 Ξέρξης
368 332 397 390 δὲ
425 331 484 390 ε’πεὶ
509 331 592 407 ἡλίου
624 331 820 396 ἀνατείλαντος
851 333 976 397 σπονδάς

175 419 337 494 ἐποιήσατο,
353 419 477 498 ἔπισχιδν
490 417 598 497 χρόνον,
615 425 642 482 ἐς
658 418 763 500 άγορῆς
781 443 830 480 κου
847 421 976 496 μάλιστα

174 508 326 584 πληθώρην
339 508 481 584 πρόσοδον
496 509 627 566 ε’ποιέετο·
647 509 692 566 καὶ
704 508 760 588 γάρ
774 509 932 568 ἐπέσταλτο
946 509 978 579 ἔξ

175 592 330 654 Ἐπιάλτεω
349 594 429 654 οὕτω·
451 595 506 655 άπό
528 595 583 676 γάρ
598 599 649 654 τοῦ
666 595 760 672 οὔρεος
780 595 799 671 ἦ
818 595 977 671 κατάβασις

175 684 371 759 συντομωτέρη
390 684 423 742 τέ
437 689 507 754 ε’στι,
522 684 569 742 καὶ
581 683 756 762 βραχύτερος
769 683 785 742 ὁ
798 687 889 762 χῶρος
905 688 976 743 πολ-

175 770 236 840 λόν,
256 769 327 848 ἤπερ
348 771 367 846 ἡ
389 771 516 848 περίοδός
535 797 566 830 τε
587 772 633 829 καὶ
653 770 800 846 α’νάβασις.
844 771 875 829 οἵ
892 795 923 830 τε
941 767 976 848 δη

175 857 321 935 βάρβαροι
342 863 368 918 οἱ
387 859 462 935 άμφὶ
480 859 586 935 Ξέρξεα
603 853 773 935 προσ-η’ἳσαν,
793 858 838 916 καὶ
857 861 884 917 οἱ
900 859 977 934 αμφὶ

175 947 314 1022 Λεωνίδην
340 945 487 1022 Ἕλληνες,
520 945 555 1009 ὥς
584 945 636 1021 τὴν
666 945 722 1004 ε’πὶΙ
743 946 850 1024 θανάτῳ
883 945 977 1015 ἔξοδον

175 1034 339 1110 ποιεύμενοι,
360 1032 413 1110 ἤδη
430 1037 529 1112 πολλῷ
550 1037 663 1109 μᾶλλον
680 1032 698 1109 ἢ
717 1031 775 1092 κατ’
794 1032 882 1112 ἀρχάς
898 1033 976 1103 ε’πεξ-

176 1120 261 1196 ήϊσαν
287 1127 315 1184 ἐς
334 1121 367 1181 τδ
389 1121 532 1198 εὐρύτερον
555 1125 606 1180 τοῦ
629 1119 752 1199 αὐχένος·
785 1121 818 1180 τό
842 1123 894 1197 μὲν
919 1120 976 1201 γάρ

177 1209 263 1285 ἔρυμα
280 1213 331 1268 τοῦ
349 1210 455 1287 τείχεος
476 1208 666 1284 ἐφυλάσσετο,
687 1211 713 1267 οἱ
732 1208 762 1266 δὲ
778 1207 830 1268 οἶνοί
847 1207 896 1271 τάς
908 1234 976 1286 προ-

176 1297 257 1372 τέρας
270 1296 375 1373 ἦμέρας
387 1295 543 1366 ὑπεξιόντες
557 1301 585 1358 ἐς
597 1295 633 1355 τά
647 1296 814 1372 στεινόπορα
828 1234 1082 1444 ε’μάχοντοβ

176 1383 240 1443 τότε
267 1384 300 1458 δή
329 1385 537 1464 συμμίσγοντες
558 1383 609 1453 ἔξω
635 1387 690 1443 τῶν
717 1387 839 1452 στεινῶν,
861 1384 959 1444 ἔπιπτο

177 1471 281 1545 πλήθεϊ
307 1470 412 1529 πολλοὶ
443 1474 499 1530 τῶν
532 1471 698 1547 βαρβάρων·
740 1470 841 1530 ὄπισθε
867 1469 922 1551 γάρ
948 1474 976 1530 οἱ

175 1557 311 1636 ἡγεμόνες
330 1561 385 1616 τῶν
404 1558 506 1616 τελέων
526 1559 635 1635 ἔχοντες
661 1557 808 1636 μάστιγας,
829 1555 976 1634 ἐρράπιζον

176 1643 267 1703 πάντα
285 1643 370 1720 ἄνδρα
391 1644 444 1702 αἰεὶ
461 1649 488 1706 ἐς
505 1644 538 1702 τό
552 1644 650 1720 πρόσω
664 1646 863 1722 ἐποτρύνοντες.
904 1650 975 1704 πολ-

177 1731 224 1790 λοὶ
241 1733 293 1807 μὲν
310 1730 344 1806 δη
363 1731 514 1790 ἐσέπιπτον
532 1730 622 1792 αὐτῶν
641 1737 668 1794 ές
684 1731 736 1808 τὴν
753 1732 910 1802 θάλασσαν,
929 1734 976 1791 καὶ

178 1819 377 1896 διεφθείροντο·
411 1823 511 1897 πολλῷ
532 1818 555 1878 δ’
577 1820 617 1879 ἔτι
638 1824 754 1884 πλεῦνες
775 1820 975 1880 κατεπατέοντο

176 1909 241 1979 ζωοὶ
254 1907 300 1968 ὑπ’
314 1907 457 1984 ἀλλήλων·
477 1904 513 1983 ἦν
531 1906 561 1966 δὲ
576 1906 662 1989 λόγος
680 1907 768 1971 οὐδεὶς
782 1911 832 1967 τοῦ
850 1906 975 1967 ἀπολλυ-

176 1997 270 2072 μένου.
312 1995 361 2056 ἅτε
386 1995 442 2076 γάρ
470 1995 649 2072 ἐπιστάμενοι
675 1995 725 2055 τόν
750 1994 892 2072 μέλλοντά
918 2001 975 2072 σφι

177 2085 293 2144 ἔσεσθαι
310 2084 429 2145 θάνατον
449 2087 479 2142 ἔκ
499 2087 554 2144 τῶν
573 2083 733 2160 περιϊόντων
752 2081 785 2143 τά
806 2081 895 2159 οὖρος,
909 2082 974 2142 άπε-

177 2171 314 2230 δείκνυντο
330 2171 424 2248 ῥώμης
437 2169 507 2230 ὅσον
526 2171 603 2250 εἶχον
620 2173 756 2252 μέγιστον
776 2175 804 2232 ές
822 2169 887 2232 τούς
903 2173 975 2249 βαρ-

10 2281 34 2294 ··
129 2259 187 2316 224
196 2256 309 2333 βάρους,
327 2259 557 2336 παραχρεώμενοί
570 2283 601 2317 τε
620 2259 666 2317 καὶ
687 2257 816 2321 α’τέοντες.
860 2257 975 2334 Δόρατα

175 2345 227 2419 μέν
256 2369 304 2402 νυν
334 2349 411 2404 τοῖσι
442 2344 591 2404 πλεόνεσιν
620 2345 709 2405 αὐτῶν
740 2349 890 2421 τηνικαῦτα
921 2341 977 2423 ἤδη

176 2429 309 2510 ε’τόγχανε
323 2432 486 2512 κατεηγότα,
500 2435 527 2492 οἱ
545 2433 574 2491 δὲ
594 2437 671 2493 τοῖσι
689 2435 786 2509 ξίφεσι
799 2433 976 2514 διεργάζοντο

175 2517 240 2580 τούς
261 2519 385 2596 Πέρσας·
414 2521 460 2578 καὶ
476 2519 614 2596 Λεωνίδης
635 2546 666 2580 τε
682 2527 712 2581 ἐν
731 2519 819 2600 τούτῳ
839 2525 878 2599 τῷ
898 2520 976 2600 πόνῳ
1117 2579 1118 2611 γ

176 2604 279 2675 πίπτει,
307 2605 376 2682 ἀνὴρ
403 2607 549 2686 γενόμενος
575 2606 697 2686 ι’ίριστος,
728 2609 774 2668 καὶ
801 2608 889 2685 ἕτεροι
914 2607 975 2685 μετ’
1116 2639 1117 2687 γ

176 2691 260 2752 αὐτοῦ
278 2692 432 2770 ὀνομαστοὶ
452 2696 654 2772 Σπαρτιητέων,
668 2699 723 2756 τῶν
742 2695 796 2776 ε’γώ
815 2694 850 2758 ὦς
868 2695 976 2771 ἀνδρῶν
1113 2711 1116 2763 4

176 2779 258 2850 άξίων
278 2782 431 2862 γενομένων
449 2781 592 2860 έπυθόμην
609 2783 645 2843 τά
663 2781 812 2860 οὐνόματα·
833 2781 977 2860 ε’πυθόμην
1114 2783 1115 2839 λ

176 2867 206 2926 δὲ
220 2868 266 2927 καὶ
279 2867 407 2929 άπάντων
417 2872 472 2930 τῶν
484 2871 658 2946 τριηκοσίων·
681 2871 726 2929 καὶ
739 2869 773 2946 δὴ
786 2869 831 2928 καὶ
842 2871 977 2947 Περσέων
1112 2851 1114 2917 Δ

175 2956 311 3017 πίπτουσι
333 2957 450 3018 ἐνθαῦτα
467 2957 552 3017 ἄλλοι
569 2983 600 3018 τε
620 2957 725 3017 πολλοὶ
746 2958 792 3016 καὶ
812 2957 974 3034 ὀνομαστοὶ,
1110 2921 1113 2996 Δ

176 3047 205 3103 έν
218 3043 248 3104 δὲ
261 3045 295 3122 δὴ
310 3045 357 3105 καὶ
371 3046 491 3122 Δαρείου
507 3044 556 3104 δύο
571 3046 675 3115 παῖδες,
689 3044 869 3122 Ἀβροκόμης
884 3071 915 3104 τε
929 3047 977 3106 καὶ

175 3129 354 3210 Ὑπεράνθης,
370 3137 400 3191 ἔκ
417 3137 468 3208 τῆς
479 3131 616 3208 Ἀρτάνεω
631 3132 766 3214 θυγατρός
778 3131 978 3211 Φραταγοῦιης
1102 3073 1111 3221 φ

175 3219 319 3298 γεγονότες
333 3221 451 3300 Δαρείῳ·
472 3218 489 3280 ὁ
509 3219 539 3279 δὲ
558 3218 693 3298 Ἀρτάνης
714 3219 833 3296 Δαρείου
852 3219 906 3294 μὲν
924 3226 978 3282 τοῦ
1100 3227 1109 3364 η
