2280 3432
84 111 96 126 .
165 86 236 134 ,222
400 88 404 97 ·
498 85 680 134 Ἦνυιουου
896 88 990 153 [vm.

186 189 237 224 του
250 163 375 224 τάλαντα
388 162 520 244 ἀργυρίου
535 165 609 240 τρία.
651 162 731 224 οὗτοί
741 189 772 224 τε
785 165 820 242 δή
836 168 992 247 πληγέντες

187 250 301 328 δάροισι
320 249 554 326 ἀναπεπεισμένοι
580 250 662 326 ἦσαν,
685 253 730 310 καὶ
749 256 826 312 τοῖσι
844 253 988 329 Εὖβοέεσι

187 338 360 416 ἐκεχάριστο·
403 337 485 400 αύτός
514 363 545 396 τε
571 337 587 398 ὅ
614 341 823 415 Θεμιστοκλέης
854 342 989 420 ἐκέρδηνε,

187 425 322 485 ἐλάνθανε
348 426 378 484 δὲ
400 425 436 484 τά
463 425 550 484 λοιπά
573 426 652 506 ἔχων·
687 426 753 485 ἁλλ’
779 426 935 502 ἠπιστέατο
963 435 991 490 οἱ

187 511 396 590 μεταλαβόντες
415 512 519 573 τούτων
538 517 594 573 τῶν
612 513 761 592 χρημάτων
782 519 812 573 ἐκ
831 519 887 575 τῶν
905 515 991 594 Ἀθη-

187 601 269 659 ναίων
283 601 376 660 ἐλθεῖν
388 602 435 660 ἐπὶ
446 605 485 680 τῷ
498 600 574 680 λόγῳ
587 601 675 680 τούτῳ
688 601 724 661 τά
736 601 876 679 χρήματα.

160 689 177 746 6
229 686 309 746 Ούτω
323 687 356 764 δή
371 687 533 765 κατέμεινάν
545 714 576 746 τε
590 694 619 748 ἐν
631 693 667 768 τῇ
680 687 798 766 Εὐβοίῃ,
813 689 859 748 καὶ
872 691 990 766 ἐναυμά-

186 797 288 852 χησαν.
332 776 440 856 ἐγένετο
453 776 483 834 δὲ
502 773 562 834 ὧδε·
584 776 646 834 ἐπεί
661 801 692 835 τε
708 775 742 851 δή
756 780 783 838 ἐς
798 775 849 839 τάς
865 776 990 852 Ἀφέτας

185 862 250 938 περὶ
263 862 359 938 δείλην
371 863 477 940 πρωίην
494 863 642 943 γινομένην
660 861 778 922 ἀπίκατο
793 867 819 922 οἱ
831 863 987 942 βάρβαροι,

186 949 339 1027 πυθόμενοι
351 953 404 1028 μὲν
417 951 457 1010 ἐτι
471 952 517 1009 καὶ
534 949 670 1028 πρότερον
682 951 746 1028 περὶ
763 949 796 1010 τὸ
809 949 989 1028 Ἀρτεμίσιον

186 1038 348 1117 ναυλοχέειν
368 1040 430 1102 νέας
449 1037 616 1114 Ἑλληνίδας
642 1037 749 1118 ὀλίγας,
768 1037 832 1097 τότε
858 1039 888 1098 δὲ
908 1039 989 1100 αὐτοὶ

187 1123 296 1198 ἰδόντες,
325 1125 465 1202 πρόθυμοι
484 1124 559 1200 ἦσαν
584 1126 752 1204 ἐπιχειρέειν,
780 1125 806 1184 εἴ
824 1151 876 1188 κως
897 1127 989 1188 ἕλοιεν

186 1211 278 1276 αὐτάς.
321 1218 351 1272 ἐκ
364 1216 415 1289 μὲν
428 1213 462 1288 δή
475 1218 527 1288 τῆς
540 1211 633 1288 άντίης
649 1212 829 1289 προσπλῶειν
843 1211 915 1272 οὔκω
929 1220 987 1289 σφι

188 1299 278 1359 ἐδόκεε
303 1300 389 1360 τῶνδε
416 1300 513 1369 εἵνεκα,
540 1299 581 1375 μή
602 1326 653 1362 κως
674 1299 776 1362 ἰδόντες
799 1303 826 1359 οἱ
846 1299 988 1376 Ἕλληνες

186 1387 409 1463 προσπλώοντας
429 1392 456 1450 ἐς
482 1386 576 1467 φυγήν
596 1387 757 1464 ὁρμήσειαν,
781 1385 936 1466 φεύγοντάς
955 1414 987 1448 τε

186 1473 308 1551 εὐφρόνη
322 1473 491 1550 καταλάβοι·
513 1475 558 1532 καὶ
569 1474 689 1550 ἔμελλον
698 1475 781 1549 δῆθεν
791 1473 985 1549 ἐκφεύξεσθαι,

146 1578 149 1584 ’
185 1561 238 1620 ἔδει
252 1561 282 1619 δὲ
293 1561 364 1636 μηδὲ
382 1560 587 1640 πυρφόρον,τῷ
604 1562 712 1621 ἐκείνων
727 1561 812 1641 λόγῳ,
827 1561 986 1643 ἐκφυγόντα

158 1647 390 1729 7περιγενέσθαι.
431 1647 501 1724 πρός
526 1652 614 1708 ταῦτα
641 1647 677 1708 ὧν
696 1647 762 1708 τάδε
788 1649 985 1728 ἐμηχανέοντο·

184 1740 240 1796 τῶν
265 1739 333 1796 νεῶν
360 1735 491 1795 άποσέων
511 1735 706 1813 α’ποκρίναντες
726 1735 868 1811 διηκοσίας
894 1739 985 1813 περιέ-

184 1849 296 1900 πεμπον
310 1823 408 1893 ἔξωθεν
421 1823 551 1893 Σκιάθου,
565 1823 600 1886 ὥς
616 1821 651 1882 ἂν
666 1823 707 1900 μὴ
723 1822 849 1898 ὄφθέωσι
861 1823 916 1883 ύπὸ
929 1829 987 1886 τῶν

183 1912 327 1988 πολεμίων
342 1910 554 1990 περιπλεύουσαι
566 1909 694 1988 Εὔβοιαν
712 1909 782 1970 κατά
796 1937 827 1970 τε
843 1913 986 1989 Καφηρέα

184 2001 230 2059 καὶ
247 2001 311 2078 περὶ
331 2000 494 2078 Γεραιστόν,
518 2004 546 2062 ἐς
562 1999 613 2059 τόν
632 1997 764 2074 Εὔριπον·
787 1999 831 2057 ἵνα
852 1998 886 2074 δή
907 2026 986 2077 περι·
1015 2014 1021 2024 “

184 2087 311 2164 λάβοιεν,
339 2091 366 2147 οἱ
392 2089 444 2164 μὲν
463 2086 550 2163 ταύτῃ
571 2085 733 2162 ἀπικόμενοι
760 2085 806 2144 καὶ
828 2085 986 2163 φράξαντες

183 2174 274 2235 αὐτῶν
285 2175 338 2251 τήν
353 2174 444 2234 ὀπίσω
461 2174 605 2250 φέρουσαν
623 2172 696 2244 όδδν,
710 2177 794 2248 σφεῖς
814 2173 844 2232 δὲ
865 2176 986 2235 ἐπισπό-

183 2287 262 2338 μενοι
275 2262 306 2330 ἐξ
323 2261 456 2336 ἐναντίης·
476 2264 566 2320 ταῦτα
577 2259 803 2336 βουλευσάμενοι
816 2260 987 2339 άπέπεμπον

182 2351 237 2408 τῶν
259 2351 327 2408 νεοῖν
346 2347 397 2410 τάς
414 2347 574 2426 ταχθείσας,
590 2346 669 2407 αὐτοὶ
686 2346 736 2406 ούκ
755 2352 785 2408 ἐν
802 2348 856 2428 νόῳ
873 2349 987 2428 ἔχοντες

181 2433 284 2510 ταύτης
296 2425 347 2511 τῆς
359 2434 464 2512 ἡμέρης
479 2437 555 2495 τοῖσι
563 2434 691 2510 Ἕλλησι
710 2434 904 2510 ἐπιθήσεσθαι,
919 2439 987 2499 οὐδὲ

181 2520 317 2599 πρότερον
338 2520 357 2597 ἢ
380 2521 413 2581 τό
441 2521 571 2598 σύνθημά
597 2528 654 2598 σφι
676 2523 777 2597 ἔμελλε
801 2525 988 2598 φανήσεσθαι

181 2607 258 2684 παραὶ
278 2612 333 2668 τῶν
354 2608 566 2685 περιπλωόντων
586 2607 622 2671 ὦς
642 2606 774 2684 ἡκόντων.
814 2610 917 2675 ταύτας
931 2616 988 2689 μὲν

183 2696 216 2771 δή
242 2696 439 2774 περιέπεμπον·
480 2699 535 2756 τῶν
561 2695 590 2754 δέ
616 2695 736 2754 λοιπέων
761 2699 830 2758 νεῶν
843 2702 887 2758 ,ἐν
913 2705 988 2778 τῇσι

181 2783 322 2864 Ἀφέτῃσι
334 2787 477 2844 ἐποιεῦντο
490 2780 620 2860 α’ριθμόν.

154 2875 172 2932 8
222 2870 270 2932 Ἐν
296 2872 326 2932 δὲ
351 2870 439 2950 τούτῳ
465 2873 505 2948 τῷ
530 2868 629 2948 χρόνῳ,
656 2872 686 2928 ἐν
708 2864 730 2946 ᾧ
757 2866 835 2929 οὗτοι
861 2870 986 2950 ἀριθμὸν

184 2963 325 3020 ἐποιεῦντο
335 2963 390 3020 τῶν
403 2961 479 3028 νεῶν,
489 2955 525 3031 ἦν
537 2955 592 3035 γάρ
607 2959 636 3015 ἐν
648 2958 687 3033 τῷ
700 2958 880 3038 στρατοπέδῳ
892 2961 988 3044 τούτῳ

181 3049 323 3124 Σκυλλίης
350 3047 506 3112 Σκωνναῖος,
539 3041 619 3117 δύτης
649 3045 705 3102 ταῖν
734 3042 798 3102 τότε
830 3045 991 3125 ἀνθρώπων

180 3133 304 3214 ἄριστος·
326 3133 357 3198 ὃς
372 3133 419 3193 καὶ
439 3137 469 3192 ἐν
486 3133 522 3208 τῇ
540 3128 656 3210 ναυηγίη
674 3131 710 3208 τῇ
729 3129 800 3189 κατὰ
818 3131 852 3192 τὰ
870 3135 990 3212 Πήλιον

179 3221 314 3302 γενομένη
340 3219 437 3280 πολλά
462 3220 516 3294 μὲν
535 3217 625 3276 ἔσωσε
647 3219 703 3276 τῶν
727 3217 879 3296 χρημάτων
905 3228 989 3290 τοῖσι
