2294 3430
177 109 317 174 165-163]
485 110 671 160 ΠΟΛΤΜΝῙΑ.
926 109 971 155 189

175 191 311 250 καυθέντα
336 189 536 266 ἀφανισθῆναι.
580 189 763 266 ἀφανισθέντι
789 187 819 246 δέ
850 184 974 264 Ἀμίλκᾳ

173 276 266 355 τρόπῳ
287 277 340 336 εἴτε
356 275 471 356 τοιούτῳ
489 276 525 340 ὥς
539 277 663 340 Φοίνικες
678 275 804 356 λέγουσι,
820 273 875 334 εἴτε
892 273 972 353 ἑτέρῳ

174 363 209 426 ὦς
229 366 421 440 Συρηκούσιοι,
436 363 624 442 Καρχηδόνιοι
643 367 725 424 τοῦτο
745 355 804 439 μέν’
818 364 844 421 οἱ
864 360 971 431 θύουσι,

172 454 254 510 τοῦτο
272 451 302 510 δὲ
318 451 449 527 μνήματα
468 451 603 527 ἐποίησαν
619 455 648 511 ἐν
664 450 775 529 πάσῃσι
789 453 857 528 τῇσι
871 447 973 508 πόλισι

173 542 227 598 τῶν
241 537 395 608 ἀποικίδων,
410 543 438 598 ἐν
452 537 522 616 αὐτῇ
534 563 565 597 τε
577 539 712 619 μέγιστον
725 536 895 616 Καρχηδόνι.
936 534 972 596 τά
1020 543 1022 547 ’
1043 531 1046 537 “

173 628 225 702 μὲν
237 625 293 685 ἀπό
308 627 435 701 Σικελίης
448 630 582 685 τοσαῦτα.

208 716 374 789 Κερκυραῖοι
384 712 413 771 δὲ
423 711 488 772 τάδε
495 711 707 792 ἀποκρινάμενοι
716 715 793 771 τοῖσι
803 710 952 791 ἀγγέλοισι
961 711 1018 769 168

173 799 265 860 τοιάδε
284 801 428 875 ἐποίησαν·
449 801 494 858 καὶ
510 799 565 881 γάρ
582 799 695 862 τούτους
707 797 929 876 παρελάμβανον
945 801 971 857 οἶ

87 929 149 964 ν,
174 886 253 946 αὐτοὶ
269 889 349 964 οἷπερ
368 888 413 945 καὶ
430 892 457 950 ἐς
476 888 605 962 Σικελίην
624 885 751 954 ἀπίκατο,
765 885 894 964 λέγοντες
907 885 971 948 τοδς

65 971 95 1027 [ί
141 968 143 981 “
173 973 273 1038 affro&
290 974 392 1057 λόγους
410 974 473 1037 τοῦς
490 975 535 1032 καὶ
550 973 620 1050 πρός
638 973 751 1032 Γέλωνα
767 973 924 1052 ἕλεγονζόἱ
940 973 970 1032 δέ

61 1065 76 1071 ”
173 1064 328 1138 παραυτίκα
345 1065 396 1138 μὲν
415 1061 569 1141 ἀπέσχοντο
589 1063 709 1138 πέμψειν
724 1085 755 1120 τε
773 1059 818 1118 καὶ
835 1058 969 1136 ἀμυνέειν,

174 1148 325 1225 φράζοντες
338 1149 374 1213 ιάς
386 1148 419 1209 οὔ
432 1156 487 1225 σφι
499 1149 649 1225 περιοπτέη
663 1148 724 1208 ἐστὶ
736 1146 755 1223 ἡ
767 1146 873 1209 Ἑλλάς
882 1145 969 1206 ἀπολ-

173 1237 289 1312 λυμένη·
309 1235 343 1312 ἢν
358 1236 413 1318 γάρ
427 1240 538 1314 σφαλῇ,
554 1239 638 1311 σφεῖς
649 1261 683 1317 γε
697 1234 775 1295 οὐδὲν
788 1232 863 1293 ἀλλο
876 1233 894 1309 ἢ
908 1234 968 1294 δου-

173 1322 309 1384 λεύσουσι
323 1329 359 1402 τῇ
375 1325 474 1402 πριότηΙ
487 1327 541 1382 τῶν
559 1322 691 1400 ἡμερέων·
712 1321 969 1398 ἀλλάτιμωρητέον

174 1411 215 1486 εἴη
227 1417 253 1474 ἐς
261 1411 293 1470 τά
302 1410 495 1470 δυνατώτατον.
519 1409 698 1488 ἀπεκρίναντο
708 1413 759 1488 μὲν
770 1409 840 1469 οὕτω
851 1408 968 1486 εὐπρόσ-

173 1523 243 1558 ωπα·
271 1499 330 1558 ἐπεὶ
350 1499 379 1557 δέ
400 1499 452 1558 ἔδει
471 1498 611 1574 βοηθέειν,
636 1497 713 1558 ἀλλα
732 1502 856 1560 νοεῦντες
883 1496 967 1573 ἐπλή-

171 1611 266 1661 ρωσαν
289 1587 351 1649 νέας
372 1585 519 1662 ἐξήκοντα,
532 1585 615 1666 μόγις
638 1586 667 1644 δὲ
693 1585 857 1664 ἀναχθέντες
878 1610 966 1662 προσ·

173 1673 269 1750 ἔμιξαν
280 1677 316 1752 τῇ
329 1671 548 1752 Πελοποννήσῳ·
570 1673 615 1732 καὶ
628 1675 691 1750 περὶ
701 1672 799 1734 Πύλον
812 1672 858 1732 καὶ
870 1673 967 1732 Ταίνα-

170 1785 222 1836 ρον
244 1764 296 1840 γὴς
315 1765 366 1837 τῆς
386 1761 609 1836 Λακεδαιμονίων
631 1759 799 1840 ἀνεκώχευον
821 1760 871 1823 τάς
896 1762 966 1832 νέας,

169 1849 383 1924 ’καραδοκέοντες
403 1850 449 1908 καὶ
469 1845 545 1908 οὗτοι
563 1847 613 1909 τάν
632 1848 758 1926 πόλεμον
780 1845 800 1926 ᾗ
827 1848 966 1907 πεσέεται·

170 1934 353 1998 ἀελπτέοντες
367 1938 419 2016 μὲν
435 1935 500 1999 τούς
513 1935 657 2012 Ἕλληνας
671 1935 907 2012 ὑπερβαλέεσθαι,
923 1935 967 1993 δο·

172 2021 280 2085 κέαντες
306 2023 335 2080 δὲ
361 2022 410 2082 τόν
436 2023 553 2100 Πέρσην
582 2021 831 2100 κατακρατήσαντα
856 2020 967 2081 πολλδν

172 2106 265 2184 άρξειν
277 2108 371 2185 πάσης
383 2113 433 2186 τὴς
444 2109 591 2174 Ἑλλάδος·
606 2110 713 2170 ἐποίευν
727 2108 764 2170 ὧν
777 2108 908 2184 ἐπίτηδες,
923 2109 966 2168 ἶνα

172 2197 258 2276 ἔχωσι
270 2197 340 2275 πρός
351 2197 402 2258 τάν
415 2199 531 2276 Πέρσην
543 2201 636 2281 λέγειν
648 2198 750 2259 τοιάδε·
772 2208 789 2234 “
799 2195 820 2256 ὦ
832 2198 965 2273 βασιλεῦ,

170 2284 258 2362 ἡμεῖς,
272 2286 550 2365 παραλαμβανόντων
562 2290 617 2348 τῶν
625 2286 769 2362 Ἑλλήνων
778 2284 865 2363 ἡμέας
878 2289 905 2348 ἐς
916 2285 966 2348 τάν

170 2374 296 2452 πόλεμον
308 2379 415 2446 τοῦτον,
430 2377 537 2454 ἔχοντες
548 2374 661 2452 δύναμιν
672 2373 721 2434 οόκ
730 2375 891 2454 ἐλαχίστην,
903 2373 965 2434 οὐδὲ

170 2462 232 2525 νέας
246 2465 398 2542 ἐλαχίστας
408 2461 603 2540 παρασχόντες
612 2461 654 2533 ἂν,
663 2461 740 2522 ἀλλά
749 2462 886 2524 πλείστας
894 2461 966 2539 μετά

170 2573 203 2626 γε
212 2547 382 2625 Ἀθηναίους,
393 2549 442 2610 οὐκ
453 2549 628 2626 ἐθελήσαμέν
637 2575 681 2610 τοι
692 2551 892 2620 ἐναντιοῦσθαι,
904 2549 967 2610 οὐδέ

170 2659 198 2692 τι
218 2635 373 2713 ἀποθύμιον
392 2637 536 2714 ποιὴσαι·”
558 2642 672 2698 τοιαῦτα
695 2639 824 2718 λέγοντες
847 2635 966 2713 ἡλπιζον

171 2723 259 2781 πλέον
270 2727 365 2783 τιτῶν
378 2723 474 2786 ἀλλων
487 2726 626 2786 οἴσεσθαι·
642 2725 730 2803 τάπερ
743 2723 776 2785 ἂν
790 2727 835 2784 καὶ
849 2727 965 2806 ἐγένετο,

172 2805 207 2871 κός
226 2810 287 2885 ἐμοὶ
300 2809 396 2870 δοκέει.
436 2812 507 2888 πρός
520 2813 549 2872 δέ
561 2811 777 2888 τοθςἚλληνιίς
793 2819 849 2888 σφι
862 2816 967 2890 σκῆψις

171 2896 328 2972 ἐπεποίητο,
340 2901 428 2976 τῇπερ
442 2898 476 2974 δὴ
490 2901 535 2959 καὶ
549 2898 714 2979 ἐχρήσαντο·
733 2901 898 2976 αἰτιωμένων
910 2899 966 2981 γάρ

170 2988 224 3044 τῶν
239 2982 384 3060 Ἑλλήνων
401 2985 444 3047 ότι
462 2985 510 3046 οὐκ
529 2987 673 3064 ἐβοήθεον,
688 2988 799 3063 ἔφασαν
817 2989 965 3063 πληρῶσαι

169 3073 221 3148 μὲν
234 3071 368 3150 ἐξήκοντα
379 3072 505 3150 τριήρεας
516 3073 572 3134 ἀπδ
586 3076 616 3136 δὲ
629 3075 760 3150 ἐτησιέων
769 3072 876 3149 ἀνέμων
884 3071 965 3150 ὕπερ-

168 3164 286 3240 βαλέειν
312 3162 432 3237 Μαλέην
452 3161 502 3220 οθκ
523 3161 627 3222 οἷοίτε
645 3161 786 3242 γενέσθαι·
820 3159 890 3220 οὕτω
916 3160 966 3221 οὐκ

170 3251 322 3314 ἀπικέσθαι
343 3253 371 3313 ἔς
391 3249 548 3326 Σαλαμῖνα,
562 3249 609 3307 καὶ
626 3247 740 3325 οὔδεμιῇ
759 3244 891 3316 κακότητι
909 3249 965 3308 λει-
