2294 3430
190 91 331 156 ιιι-119]
539 91 651 140 nmo.
943 89 989 142 ιον

188 167 293 232 πάθεος
309 167 418 244 ἤκουσα
435 166 543 229 τοιόνδε
555 168 618 228 τινιὶ
630 165 728 248 λόγον·
749 165 834 243 ἄνδρα
847 169 874 226 οἱ
888 166 991 227 δοκέειν

189 255 309 332 ὁπλίτην
322 254 485 331 ἀντιστῆναι
497 256 587 336 μέγαν
599 254 693 314 τοῦτό
706 255 812 334 γένειον
820 252 873 329 τήν
883 253 990 314 ἀσπιδα

189 347 285 403 πᾶσαν
309 343 440 413 σκιάζειν,
462 342 496 402 τό
518 343 548 402 δὲ
576 343 680 418 φάσμα
704 346 787 402 τοῦτο
814 333 914 400 ἑωυτόν
938 343 990 418 μέν

188 430 378 506 παρεξελθεῖν,
391 429 441 490 τόν
459 429 488 488 δὲ
504 433 605 489 ἑωυτοῦ
623 428 806 506 παραστάτην
819 427 989 489 ἀποκτεῖναι·

187 521 275 576 ταῦτα
288 520 340 594 μὲν
354 517 388 592 δή
402 517 555 592 Ἐπίζηλον
569 516 711 592 ἐπυθόμην
724 516 826 596 λέγειν.

230 608 316 666 Δᾶτις
340 604 369 663 δὲ
390 603 576 681 πορευόμενος
598 603 655 680 ἅμα
676 607 715 682 τῷ
736 607 847 682 στρατῷ
868 609 895 667 ές
917 603 1037 680 τήν118

187 689 288 766 Ἀσίην
307 692 368 750 ἐπεί
381 717 412 750 τε
429 692 538 771 ἐγένετο
557 695 594 750 ε’ν’
604 689 733 769 Μυκόνῳ,
753 691 807 750 εἶδε
824 690 889 769 ὄψιν
906 696 935 752 έν
951 696 990 771 τῷ

187 777 271 856 ὕπνῳ·
294 778 340 836 καὶ
358 777 419 852 ἥτις
437 779 489 853 μὲν
506 776 541 850 ἦν
557 777 576 851 ἦ
593 776 665 856 ὄψις,
680 777 711 836 οὗ
730 778 851 857 λέγεται·
873 778 940 850 ὅδὲ,
955 779 991 843 οἷς

188 863 278 938 ἡμέρη
291 863 414 941 τάχιστα
425 863 579 940 ε’πέλαμψε,
590 863 706 939 ζήτησιν
717 865 839 922 ε’ποιέετο
849 869 903 924 τῶν
913 871 988 926 νεῦν·

189 948 275 1036 εψροδν
288 950 318 1008 δὲ
332 955 360 1009 ἐν
374 950 515 1026 Φοινίσσῃ
526 951 571 1025 νηῒ
580 948 696 1029 ἄγαλμα
704 949 884 1013 ’Λπόλλωνος
894 977 989 1030 κεχρυ-

189 1037 323 1112 σωμένον,
339 1035 506 1097 ἐπυνθάνετο
520 1035 616 1096 ὁκόθεν
630 1036 824 1112 σεσυλημένον
835 1037 889 1112 εἴη,
905 1040 988 1099 πυθό-

188 1149 271 1198 μενος
282 1124 311 1182 δὲ
322 1124 353 1194 ἐξ
363 1121 395 1183 οῦ
408 1122 443 1199 ἦν
458 1126 526 1200 ἱροῦ,
541 1123 623 1181 ἔπλεε
633 1127 668 1202 τῇ
680 1126 779 1182 ἑωυτοῦ
790 1123 835 1198 νηῒ
846 1127 873 1185 ἒς
883 1128 988 1199 Δῆλον,

190 1211 235 1270 καὶ
250 1210 371 1272 ἀπίκατο
387 1211 442 1292 γάρ
460 1214 610 1287 τηνικαῦτα
629 1213 656 1270 οἱ
675 1210 778 1285 Δήλιοι
792 1209 883 1269 ὀπίσω
897 1215 924 1272 ές
936 1212 989 1287 τήν

188 1303 284 1373 νῆσον,
307 1299 485 1360 κατατίθεταί
502 1324 533 1358 τε
554 1303 582 1362 ές
603 1297 637 1358 τό
660 1298 719 1376 ἶρδν
745 1298 779 1358 τό
806 1296 921 1378 ἄγαλμα
942 1301 989 1358 καὶ

188 1387 348 1447 ἐντέλλεται
364 1391 441 1448 τοῖσι
459 1386 595 1463 Δηλίοισι
609 1386 766 1468 ἀπαγαγεῖν
779 1385 812 1445 τό
831 1385 946 1468 ἄγαλμα
960 1393 988 1450 ές

188 1473 295 1548 Δήλιον
304 1476 337 1535 τό
351 1475 493 1552 Θηβαίων·
514 1473 547 1534 τδ
561 1473 583 1533 δ’
598 1475 659 1534 ἔστι
673 1475 718 1533 ἐπὶ
733 1473 867 1553 θαλάσση
880 1475 986 1534 Χαλκί-

186 1561 232 1624 δος
254 1564 407 1624 καταντίον.
450 1567 537 1626 Δᾶτις
557 1565 609 1640 μὲν
633 1563 775 1638 δήτοῦτο
798 1562 987 1639 ἐντειλάμενος

186 1647 318 1710 ἀπέπλεε.
358 1650 409 1712 τδν
422 1651 451 1710 δὲ
465 1649 612 1727 ἀνδριάντα
625 1655 724 1711 τοῦτον
738 1650 841 1726 Δήλιοι
853 1648 902 1709 οὐκ
915 1649 985 1726 ἀπή-

185 1762 280 1817 γαγον,
300 1737 378 1798 ἀλλά
393 1763 441 1815 μιν
455 1736 488 1798 δι’
508 1739 588 1797 ε’τέων
605 1739 695 1798 εἴκοσι
712 1739 836 1814 Θηβαῖοι
856 1737 935 1797 αὐτοὶ
955 1743 985 1796 ἐκ

186 1825 355 1902 θεοπροπίου
372 1827 540 1901 ἐκομίσαντο
559 1826 604 1883 ἐπὶ
621 1825 735 1899 Δήλιον.
779 1825 849 1886 Τοῦς
864 1825 893 1882 δὲ
910 1830 964 1884 τῶν
975 1827 1031 1884 119

184 1909 345 1988 Ἐρετριέων
365 1911 635 1987 ἀνδραποδισμένους
660 1911 746 1972 Δᾶτίς
766 1935 797 1968 τε
819 1912 865 1967 καὶ
886 1909 985 1987 Ἀρτα-

186 1999 289 2074 φέρνης
304 1997 340 2060 οἷς
355 1999 520 2076 προσέσχον
537 2003 564 2060 ἐς
583 1997 635 2073 τήν
648 1996 748 2072 Ἀσίην
767 1997 907 2066 πλέοντες,
921 1997 984 2074 οἶνό-

185 2110 274 2165 γαγον
301 2090 328 2148 ές
350 2086 455 2149 Σοῦσα·
484 2083 623 2160 βασιλεῦς
646 2084 676 2142 δὲ
700 2087 825 2160 Δαρεῖος,
849 2084 914 2160 πρὶν
932 2089 984 2160 μὲν

185 2173 380 2250 αἰχμαλώτους
399 2173 530 2252 γενέσθαι
549 2171 614 2235 τοῦς
633 2171 796 2248 Ἐρετριέας,
818 2173 907 2250 ε’νεῖχέ
928 2180 984 2248 σφι

185 2259 274 2320 δεινδν
293 2260 391 2338 χόλον,
413 2259 459 2319 οἶα
479 2259 618 2338 ἀρξάντων
639 2259 745 2335 ἀδικίης
769 2261 909 2338 προτέρων
929 2266 984 2321 τῶν

184 2346 352 2424 Ἐρετριέων·
375 2348 437 2406 ε’πεί
451 2374 482 2407 τε
499 2348 527 2406 δὲ
545 2347 710 2424 εἶδέισφεας
726 2347 902 2426 ἀπαχθέντας
918 2349 982 2426 παρ’

184 2435 284 2496 ἑωυτὸν
302 2437 349 2494 καὶ
362 2436 535 2513 ὑποχειρίους
549 2438 637 2514 ἑωυτῷ
651 2436 752 2510 ε’όντας,
769 2437 883 2512 ἐποίησε
898 2438 983 2498 κακόν

184 2520 258 2582 ἄλλο
273 2522 359 2593 οὐδὲν,
374 2523 451 2582 ἀλλά
469 2529 561 2598 σφεας
578 2529 628 2599 τῆς
645 2525 770 2600 Κισσίης
786 2524 877 2603 χάρης
894 2527 982 2585 κατοί-

184 2635 246 2669 κισε
264 2610 294 2669 έν
313 2612 430 2688 σταθμῷ
449 2614 548 2669 ἑωυτοῦ
560 2615 598 2688 τῷ
612 2611 716 2689 οὔνομά
736 2611 797 2671 έστι
809 2611 979 2689 Ἀρδέρικκα,

183 2695 238 2756 ἀπό
255 2701 307 2774 μὲν
326 2697 441 2761 Σούσων
458 2697 523 2756 δέκα
541 2698 587 2756 καὶ
602 2699 758 2774 διηκοσίους
773 2699 903 2764 σταδίους
917 2699 982 2758 ἀπέ-

182 2809 269 2862 χοντι,
277 2785 485 2861 τεσσεράκοντα
496 2785 524 2843 δὲ
533 2785 589 2844 ἀπδ
600 2789 650 2844 τοῦ
661 2786 781 2863 φρέατος
788 2787 821 2846 τό
832 2787 983 2866 παρέχεται

181 2873 335 2947 τριφασίας
357 2871 439 2934 ἰδέας·
467 2873 512 2930 καὶ
532 2873 587 2952 γάρ
609 2872 759 2949 ἄσφαλτον
780 2875 826 2933 καὶ
846 2874 917 2936 ἅλας
937 2875 984 2932 καὶ

183 2965 276 3026 ἔλαιον
291 2966 466 3043 ἀράσσονται
480 2965 510 3035 ἔξ
522 2966 607 3026 αὐτοῦ
617 2967 711 3046 τρόπῳ
721 2968 824 3044 τοιῷδε·
839 2967 983 3027 ἀντλέεται

182 3055 233 3130 μὲν
242 3055 391 3132 κηλωνηίῳ·
409 3053 470 3111 ἀντὶ
480 3053 509 3112 δὲ
519 3058 634 3134 γαυλοῦ,
649 3053 737 3130 ἥμισυ
750 3053 841 3113 ἀσκοῦ
855 3057 882 3112 οἱ
895 3079 981 3129 προσ-

183 3140 296 3200 δέδεται·
335 3139 480 3216 ὑποτύψας
507 3141 536 3200 δὲ
562 3140 650 3219 τούτῳ
678 3139 787 3202 ἀντλέει
813 3139 859 3197 καὶ
888 3140 983 3200 ἔπειτα

181 3229 274 3309 ἐγχέει
294 3233 322 3292 ἐς
342 3225 502 3303 δεξαμενήν·
523 3221 553 3286 εἰ(
574 3227 603 3286 δὲ
620 3226 721 3302 ταύτης
738 3229 766 3287 ές
783 3223 858 3284 ἀλλο
876 3222 983 3303 δωχςᾷ·
