2294 3430
6 99 109 186 δ

66 191 103 294 Ξ

88 295 105 375 ι

70 375 123 450 κ

176 115 314 180 ιιι-ιιι]
496 115 681 169 nomm.
929 127 973 175 ιιι

174 194 367 273 οὐδαμός’
328 195 382 273 μεζ
382 219 446 258 ονας
465 193 556 272 ύμέων
565 193 655 266 .ι’ίξω.”
695 197 821 258 ταῦτα’
802 197 975 266 ακούσαντας

172 281 316 366 Ἀργείους
338 284 451 362 λέγεται
472 286 589 364 πρῆγμα
610 284 796 361 ποιήσασθαι,
818 287 863 344 καὶ
886 313 1008 405 τομαῖα

171 374 269 448 χρῆμα
286 372 338 446 μὲν
356 369 433 429 οὐδὲν
453 373 712 452 t’aerayyefflhc'vove
731 373 893 450 μεταιτέειν·
914 368 1008 435 ἐπεὶ”ι

172 457 204 517 δέ
222 465 314 534 σφεας
334 457 570 535 παραλαμβάνειν
589 460 654 524 πούς
668 459 872 538 ”Ελληνας,
840 488 910 522 ουτω
931 463 972 540 δη,

172 546 371 622 ἐπισταμένους
388 544 433 605 ὅτι
451 545 483 604 ού
501 545 697 623 μεταδώσουσι
715 552 765 624 τῆς
781 547 869 628 ἀρχῆς
884 557 1004 622 Λακε-,Ῐ

171 632 316 709 δαιμόνιοι,
338 634 498 711 μεταιτέειν,
526 634 570 694 ἵνα
595 635 640 694 ἐπὶ
667 635 829 712 προφάσιος
850 637 972 718 ἡσυχίην

171 719 269 801 ἄγωσι.
305 723 465 798 Συμπεσεῖν
474 721 504 780 δὲ
509 720 639 782 τούτοισι
653 723 698 782 καὶ
710 722 790 783 τόνδε
802 724 853 784 τόν
865 725 952 807 λόγον
961 727 1016 787 151

169 808 291 888 λέγουσί
313 835 385 871 τινες
411 807 563 884 Ἑλλήνων,
587 813 725 869 πολλοῖσι
752 811 826 870 ἔτεσι
852 811 969 890 ὕστερον

168 895 317 976 γενόμενον
330 894 442 957 τούτων·
462 899 557 976 τυχεῖν
571 901 599 957 ἐν
614 896 751 960 Σούσοισι
766 901 842 956 τοῖσι
859 905 969 974 Μεμνο-

169 983 254 1043 νίοισι
281 983 375 1048 ἐόντας
401 983 495 1060 ἐτέρου
520 982 684 1065 πρήγματος
714 986 803 1044 εἵνεκα
833 985 969 1066 ἀγγέλους

168 1069 328 1148 Ἀθηναίων,
340 1072 472 1149 Καλλίην
485 1097 516 1134 τε
529 1072 578 1134 τόν
590 1071 751 1133 Ἱππονίκου
764 1073 810 1132 καὶ
822 1073 886 1135 τούς
897 1073 969 1149 μετά
982 1085 995 1136 l
997 1076 1009 1137 l

167 1159 267 1221 τούτου
287 1160 456 1238 ἀναβάντας·
476 1160 619 1243 Ἀργείους
640 1159 678 1230 δὲ,
696 1160 745 1220 τόν
766 1159 849 1220 αὐτόν
869 1163 968 1222 τοῦτον

167 1249 268 1326 χρόνον
287 1250 450 1328 πέμψαντας
466 1250 511 1308 καὶ
528 1248 642 1313 τούτους
661 1252 689 1312 ἐς
707 1249 804 1312 Σοῦσα
822 1247 966 1328 α’γγέλους,
976 1247 1017 1318 νύ

168 1340 281 1414 εἰρωτᾶν
293 1337 477 1415 Ἀρτοξέρξεα
491 1337 541 1398 τόν
557 1337 665 1414 Ξέρξεω
683 1338 708 1397 εἴ
724 1343 780 1413 σφι
799 1338 838 1396 ἔτι
857 1337 966 1414 ἐμμένει

166 1424 219 1501 τήν
228 1423 297 1502 πρός
311 1426 416 1503 Ξέρξεα
426 1426 526 1502 φιλίην
536 1425 767 1504 συνεκεράσαντο,
778 1424 796 1502 ἢ
807 1425 965 1502 νομιζοίατο
979 1431 1033 1502 ff

166 1513 236 1590 πρός
249 1511 333 1573 αύτοΰ
348 1513 416 1572 εἶναι
429 1516 578 1590 πολέμιοι;
599 1514 727 1590 βασιλέα
739 1513 769 1572 δὲ
782 1512 966 1590 Ἀρτοξέρξεα

165 1599 291 1676 μάλιστα
305 1601 431 1678 ἐμμένειν
442 1600 538 1678 φάναι,
549 1602 594 1660 καὶ
608 1600 738 1679 ούδεμίαν
747 1602 867 1677 νομίζειν
880 1600 964 1662 πόλιν
925 1601 1017 1750 ΙΙγ

161 1685 278 1770 Ἀργεος
299 1689 476 1796 φιλιωτέρην.
494 1693 553 1748 Ἐἰ
572 1690 624 1766 μέν
641 1715 688 1749 νυν
709 1690 813 1766 Ξέρξης
830 1715 861 1749 τε
878 1688 968 1749 οἶπέ1

164 1785 258 1853 πεμψε
267 1779 354 1836 ταῦτα
364 1777 533 1856 λέγοντα’
496 1801 602 1862 κηρυκα
613 1781 640 1840 ἐς
648 1775 761 1882 Ἄργος,
773 1777 819 1834 καὶ
831 1759 964 1856 Ἀργείων
973 1787 989 1850 s
996 1783 1020 1854 ὃ]

163 1859 280 1942 ἄγγελοι
293 1861 473 1938 άναβόντες’
460 1889 487 1924 ες
505 1865 628 1925 Σοῦσα’
616 1862 767 1939 επειριότων
779 1862 963 1938 Ἀρτοξέρξεα
1001 1873 1006 1884 ‘

163 1974 226 2024 περι
250 1950 355 2023 φιλίης,
380 1948 429 2004 οὐκ
457 1946 551 2023 ἔχω’
534 1949 666 2023 ατρεκέως
691 1951 783 2007 εἰπεῖν·
813 1947 877 2008 οὐδέ
901 1975 962 2008 τινα
968 1960 1022 2028 J)

162 2034 274 2114 γνώμην
287 2033 350 2109 περὶ
366 2031 454 2092 αύτῶν
468 2031 661 2109 άποφαίνομαι
677 2033 768 2110 αλλην
781 2061 814 2115 γε
827 2033 846 2110 ἢ
859 2033 962 2112 τήνπερ

162 2119 241 2180 αύτοὶ
266 2118 389 2229 Ἀργεῖοι
414 2119 543 2201 λέγουσι.
590 2119 807 2201 [ἐπίσταμαιδέ
832 2125 961 2192 τοσοῦτο,
966 2135 1022 2211 »ζ

162 2207 213 2279 ὅτι,
236 2235 260 2270 ει
282 2207 383 2272 πάντες
403 2206 598 2286 ἅνθρωποι
562 2235 599 2270 τα
623 2209 713 2285 οίκηῖα
734 2209 804 2269 κακοὶ
825 2214 853 2273 ἐς
872 2210 962 2286 μέσον
1006 2207 1016 2222 ”

136 2339 138 2344 -
161 2297 344 2358 συνενείκαιεν
366 2295 546 2366 ἀλλάξασθαι
567 2295 738 2374 βουλόμενοι
759 2303 836 2358 τοῖσι
856 2300 984 2374 πλησί
976 2307 987 2338 ⁶
985 2291 1042 2369 Γ

160 2410 226 2457 οισι,
241 2385 410 2467 ἐγκύψαντες
422 2383 456 2444 ἂν
470 2390 497 2447 ἐς
511 2383 547 2445 τά
560 2389 615 2445 τῶν
627 2385 715 2450 πέλας
729 2385 960 2472 κακᾶγάσπασίως

160 2473 273 2534 ἔκαστοι
293 2473 381 2534 αὐτῶν
394 2473 584 2551 ἀποφεροίατο
601 2472 692 2534 ὀπίσω
709 2474 745 2534 τά
764 2473 958 2558 ἐσενείκαντο·]
977 2476 1043 2546 2'7'

159 2561 229 2621 οὕτω
245 2561 279 2638 δη
293 2561 362 2622 ούκ’
363 2563 557 2644 Αργείοισι
527 2587 664 2641 αισχιστα
679 2563 836 2640 πεποίηται·
859 2568 912 2673 ἐγω
904 2561 959 2623 δὲ
1005 2523 1017 2596 ί

159 2645 265 2758 όφεῦιμ
285 2649 433 2731 λέγειν
398 2677 435 2710 τα
454 2649 602 2762 λεγόμενα,
624 2650 773 2711 πείθεσθαί
791 2677 825 2733 γε
847 2677 905 2761 μην
926 2677 958 2711 ου
950 2649 1023 2739 2³

157 2736 321 2796 παντάπασι
335 2737 449 2814 ὄφεθιω·
471 2739 519 2802 καί
533 2764 584 2816 μοι
600 2742 683 2798 τοῦτο
699 2765 731 2799 το
724 2739 843 2802 ἐπος’
830 2740 914 2818 εχέτω
931 2743 958 2802 ἐς

157 2822 249 2883 πάντα
268 2823 318 2884 τόν
336 2825 466 2906 λόγον’
454 2827 513 2885 επεὶ
534 2828 580 2886 καὶ
599 2830 686 2886 ταῦτα
706 2826 869 2908 λέγεται,
849 2853 884 2889 ως
903 2824 957 2903 ἄρα

157 2909 279 2992 Ἀργεῖοι
299 2911 373 2988 ἦσαν
395 2917 421 2972 οῖ
443 2913 691 3023 ἐπικαλεσάμενοι
698 2913 748 2974 τόν
772 2915 888 2990 Πέρσην
912 2913 957 2972 ἐπὶ

156 2999 208 3074 τήν
220 2998 354 3070 Ἑλλάδα,
369 3001 462 3112 ἐηειδή
481 3007 537 3078 σφι
554 3000 625 3078 πρός
641 3026 707 3063 τους
723 3001 957 3077 Λακεδαιμονίους

157 3092 245 3150 κακῶς
268 3113 287 3163 η
312 3087 398 3166 αἷχμη
423 3087 544 3199 ἐστηκεε,
566 3092 623 3150 πᾶν
647 3086 692 3166 δη
705 3087 878 3168 βουλόμενοί
901 3094 1008 3168 σφι

157 3174 226 3236 εἶναι
241 3173 297 3288 πρό
313 3181 363 3250 τῆς
378 3177 536 3256 παρεούσης
551 3175 654 3256 λύπης.
695 3178 732 3240 τοὶ
748 3182 801 3257 μὲν
816 3179 879 3256 περὶ
891 3176 954 3256 Ἀρ

155 3262 236 3342 γείων
250 3263 365 3341 εἴρηται.

165 3343 266 3396 ΙῘ.-15
