2280 3432
144 136 253 202 ⁵1-⁵⁶]
481 133 635 184 ουνικῑι.
896 137 944 186 239

143 216 196 291 τήν
209 221 238 276 ἐν
249 219 286 295 τῇ
298 214 403 294 ἠπείρῳ
418 214 551 296 γενέσθαι
568 213 624 274 tm&
641 213 784 293 Πέρσησι·
802 213 947 293 ἔμπροσθε

145 302 183 363 ὦν
197 303 253 381 πρό
269 307 321 380 τῆς
336 301 512 381 άκροπόλιος,
528 301 632 363 ὄπισθε
648 302 678 362 δέ
697 305 753 363 τῶν
772 303 882 363 πυλέων
900 303 947 364 καὶ

144 395 195 466 τῆς
206 390 313 466 ἀνόδου,
328 418 363 471 πη
378 391 411 467 δη
425 391 488 451 οὕτε
501 417 543 454 τις
556 391 705 467 ἐφύλασσε
719 389 775 451 οὔτ’
788 389 823 451 ἂν
837 390 945 467 ἤλπισε

144 476 186 555 μή
206 479 271 540 κοτέ
289 505 331 544 τις
347 480 418 539 κατά
433 483 522 540 ταῦτα
539 478 662 555 ἀναβαίη
680 477 839 556 ἀνθρώπων,
858 479 946 559 ταόπη

145 564 291 644 ἀνέβησάν
300 593 371 630 τινες
385 565 455 626 κατά
467 566 500 626 τά
515 565 575 644 ἶρδν
587 571 638 643 τῆς
650 566 797 644 Κέκροπος
810 567 948 648 θυγατρός

144 651 313 733 Ἀγλαύρου,
324 654 467 730 καίτοιπερ
482 652 663 731 ἀποκρήμνου
677 653 770 718 ἐόντος
782 657 833 714 τοῦ
846 654 947 734 χώρου·

146 739 182 802 ὥς
201 739 231 798 δέ
252 740 324 799 εἶδον
342 739 441 804 αὖτοῦς
462 739 677 816 ἀναβεβηκότας
695 743 722 800 οἶ
739 740 885 818 Ἀθηναῖοι
902 743 947 803 ἐπὶ

145 827 197 902 τήν
216 826 379 905 ἀκρόπολιν,
400 831 428 888 οἱ
447 830 499 905 μὲν
519 829 663 904 ἐρρίπτεον
683 827 798 892 ἐωυτοδς
812 829 883 889 κατά
896 834 947 890 τοῦ

145 915 252 994 τείχεος
272 914 354 986 κάτω,
369 916 415 974 καὶ
435 915 635 992 διεφθείροντο,
651 917 678 974 οἶ
695 914 725 973 δέ
738 919 767 978 ἐς
779 916 812 975 τό
825 917 949 996 μέγαρον

147 1005 328 1084 κατέφευγον·
349 1006 405 1062 τῶν
418 1002 449 1061 δέ
461 1003 597 1079 Περσέων
610 1005 637 1062 οἳ
653 1001 864 1088 ἀναβεβηκότες
876 1008 949 1081 πρῶ-

146 1115 196 1150 τον
207 1092 259 1168 μέν
273 1089 426 1168 ἐτράποντο
445 1091 516 1168 πρὸς
533 1089 584 1153 τάς
596 1089 695 1163 πύλας,
719 1089 821 1152 ταύτας
834 1091 864 1150 δὲ
876 1089 950 1152 άνοί-

147 1178 242 1248 ξοντες
261 1178 326 1242 τούς
349 1179 439 1243 ἱκέτας
460 1176 602 1255 ἐφόνευον·
631 1178 690 1237 ἐπεὶ
712 1177 743 1237 δέ
770 1184 827 1254 σφι
847 1177 949 1243 πάντες

147 1267 347 1344 κατέστρωντο,
361 1266 394 1327 τό
412 1266 472 1345 ἱρόν
485 1265 663 1342 συλήσαντες
681 1266 839 1343 ἐνέπρησαν
852 1269 950 1328 πᾶσαν

146 1353 200 1430 τὴν
212 1353 374 1432 ἀκρόπολιν.

189 1442 271 1520 Σχάν
284 1442 314 1500 δέ
326 1441 483 1505 παντελέως
495 1440 546 1504 τάς
557 1439 678 1517 Ἀθήνας
695 1440 810 1518 Ξέρξης,
824 1440 948 1519 οἷπέπεμ-
958 1443 999 1502 54

147 1537 185 1608 ψε
197 1535 225 1593 ἐς
238 1529 336 1594 Σοῦσα
351 1527 474 1612 άγγελον
488 1529 574 1588 ἱππέα
592 1527 759 1608 Ἀρταβάνῳ
777 1527 951 1611 ἀγγελέοντα

147 1616 199 1693 τήν
211 1617 372 1696 παρεοῦσάν
384 1624 441 1693 σφι
455 1617 614 1696 εὐπρηξίην.
655 1616 712 1677 ἀπὸ
726 1617 755 1677 δέ
767 1620 818 1694 τῆς
830 1617 953 1697 πέμψιος

147 1710 197 1766 τοῦ
218 1706 334 1784 κήρυκος
354 1707 467 1786 δευτέρῃ
486 1705 577 1785 ἡμέρῃ
598 1707 779 1788 συγκαλέσας
797 1704 952 1783 Ἀθηναίων

147 1793 212 1856 τούς
232 1795 367 1876 φυγάδας,
387 1798 476 1872 ἑωυτῷ
496 1795 526 1853 δέ
549 1796 707 1870 ἑπομένους,
729 1793 839 1852 ἐκέλευε
856 1793 951 1874 τρόπῳ

147 1883 186 1958 τῷ
205 1883 334 1960 σφετέρῳ
355 1883 441 1941 θῦσαι
459 1881 495 1962 τά
515 1882 562 1958 ἱρά
580 1881 741 1956 ἀναβάντας
758 1884 786 1943 ἐς
801 1880 853 1955 τῆν
871 1880 952 1958 άκρό-

148 1970 243 2026 πολιν·
265 1969 319 2026 ε’ίτε
332 1967 366 2042 δὴ
378 1965 415 2026 ὧν
428 1965 494 2042 ὄψιν
505 1968 567 2025 τινὰ
581 1966 644 2025 ἔδων
654 1967 781 2025 ἐνυπνίου
791 1968 952 2027 ἐνετέλλετο

148 2057 244 2124 ταῦτα,
263 2055 317 2114 είτε
336 2054 382 2113 καὶ
401 2052 529 2130 ἐνθύμιόν
545 2055 573 2112 οἱ
591 2053 700 2133 ἐγένετο
718 2052 905 2130 ἐμπρήσαντα
916 2055 950 2115 τά

150 2143 219 2222 ἱρόν·
241 2145 268 2202 οἶ
284 2141 314 2202 δέ
329 2139 453 2222 φυγάδες
469 2143 525 2200 τῶν
537 2139 691 2217 Ἀθηναίων
709 2140 848 2216 ἐποίησαν
860 2140 896 2200 τά
910 2147 951 2202 ἐν·

148 2231 314 2309 τεταλμένα.
356 2231 413 2290 Τοῦ
440 2228 470 2288 δέ
497 2229 598 2289 εἵνεκεν
630 2227 736 2289 τούτων
765 2227 1000 2306 ἐπεμνήσθην,55

149 2319 264 2397 φράσω·
286 2319 347 2380 ἐστι
368 2323 397 2380 ἐν
416 2321 453 2398 τῇ
473 2315 613 2395 άκροπόλι
629 2315 716 2396 ταύτῃ
734 2315 883 2397 Ἐρεχθέος
902 2321 953 2379 τοῦ

148 2408 280 2489 γηγενέος
297 2407 452 2491 λεγομένου
473 2405 543 2466 εἶναι
562 2405 634 2482 νηὸς,
654 2409 684 2464 ἐν
702 2407 741 2484 τῷ
757 2405 838 2482 ἐλαίη
855 2432 887 2466 τε
907 2407 954 2466 καὶ

150 2494 287 2556 θάλασσα
300 2497 348 2556 ἐνι·
369 2495 405 2556 τά
418 2494 505 2575 λόγος
517 2493 594 2570 παρά
606 2492 760 2569 Ἀθηναίων
774 2493 954 2554 Ποσειδέωνά

149 2605 181 2640 τε
194 2582 241 2642 καὶ
252 2581 403 2659 Ἀθηναίην
419 2583 566 2660 ἐρίσαντας
575 2581 639 2658 περὶ
648 2584 699 2656 τῆς
711 2579 804 2660 χάρης
815 2581 953 2659 μαρτύρια

151 2667 261 2728 θέσθαι·
294 2670 398 2746 ταύτην
419 2669 455 2730 ὧν
474 2670 526 2746 τὴν
546 2671 644 2746 ἐλαίην
663 2667 724 2747 ἅμα
743 2673 782 2748 τῷ
802 2669 882 2750 ἄλλῳ
904 2673 953 2748 ἱρῷ

151 2755 293 2830 κατέλαβε
306 2759 502 2834 ἐμπρησθῆναι
514 2756 569 2817 ὖπὸ
581 2761 636 2818 τῶν
652 2756 821 2836 ’βαρβάρων
842 2756 954 2834 δευτέρη

151 2841 181 2902 δέ
200 2840 291 2920 ἡμέρη
311 2841 368 2902 ἀπό
387 2847 438 2918 τῆς
464 2843 628 2922 ἐμπρήσιος,
650 2841 804 2920 Ἀθηναίων
828 2847 855 2903 οἱ
880 2842 955 2904 θόειν

150 2928 207 2989 ὖπδ
224 2929 364 3005 βασιλέος
382 2930 558 3008 κελευόμενοι
577 2931 613 2995 οἷς
630 2929 778 3008 ἀνέβησαν
791 2935 819 2995 ἐς
831 2931 865 2991 τδ
884 2929 953 3007 ίρδν,

152 3017 228 3095 ὥρων
241 3016 375 3093 βλαστδν
395 3022 426 3077 ἐκ
443 3021 494 3078 τοῦ
512 3019 670 3096 στελέχεος1
680 3017 749 3078 ὅσον
767 3043 798 3077 τε
815 3020 955 3096 πηχυαῖον

151 3103 403 3184 ἀναδεδραμηκότα
446 3103 523 3165 οὗτοι
535 3106 588 3182 μέν
601 3131 649 3166 νυν
661 3109 749 3165 ταῦτα
763 3106 901 3182 ἔφρασαν.

193 3197 230 3254 Οἱ
250 3195 280 3255 δὲ
300 3201 330 3255 ἐν
351 3196 491 3271 Σαλαμῖνι
500 3193 649 3268 Ἓλληνες,
670 3192 706 3256 ὥς
723 3198 780 3269 σφι
797 3192 954 3274 ἐξαγγέλθη
962 3193 1001 3253 56

152 3282 189 3348 είς
202 3284 270 3366 έσχε
279 3283 316 3346 τά
328 3282 394 3364 περὶ
405 3282 458 3360 τήν
469 3280 624 3360 Ἀθηναίων
636 3280 800 3359 ἀκρόπολιν,
815 3284 843 3345 ἐς
855 3284 956 3342 τοσοῦ-
