2204 3430
117 137 121 142 .
143 103 265 168 ιιι-86]·
438 101 643 152 ταςοικοΡΗ.
917 104 946 156 ιι

141 182 272 262 μάλιστά
287 210 322 260 κη
336 183 393 244 αἶπὸ
406 185 457 260 τῆς
470 182 570 245 πόλιος
585 181 620 246 ῶς
635 183 724 242 εἴκοσι
745 182 853 263 ἀπέχει·
876 185 946 261 ἱδρυ-

143 272 262 350 σάμενοι
282 272 312 332 δέ
333 276 362 332 ἔν
375 270 464 350 τούτῳ
477 275 515 349 τῷ
528 269 617 350 χῶριρ,
633 271 752 350 θυσίῃσί
763 271 795 332 τέ
809 277 887 348 σφεα
902 274 947 332 καὶ

142 365 256 441 χοροῖσι
268 360 455 442 γυναικηίοισι
470 359 631 437 κερτόμοισι
643 359 803 429 ἱλάσκοντο,
818 366 947 441 χορηγῶν

143 449 379 526 ἀποδεικνυμένων
397 449 512 527 ἑκατέρῃ
529 451 584 508 τῶν
600 447 736 525 δαιμόνων
750 448 816 507 δέκα
829 447 945 525 ἀνδρῶν·

143 543 231 600 κακῶς
253 538 283 596 δὲ
304 535 439 619 ῆγόρευον
457 539 484 596 οἱ
501 537 582 616 χοροὶ
601 535 686 614 ἄνδρα
702 539 754 613 μὲν
766 535 878 607 οὐδένα,
898 537 947 600 τοὶς

143 626 173 684 δὲ
194 627 344 705 ἐπιχωρίας
364 629 505 707 γυναῖκας.
546 623 621 700 ἦσαν
646 625 676 684 δὲ
699 625 745 684 καὶ
768 629 845 686 τοῖσι
868 624 944 683 Ἐπι-

143 713 282 792 δαυρίοισι
295 716 325 774 αἱ
338 717 464 774 τοιαῦται
478 714 607 794 ἱροργίαι·
622 714 677 773 εἶσὶ
691 713 722 772 δέ
735 720 791 789 σφι
805 714 851 774 καὶ
863 713 944 790 ἀρρη-

142 827 187 860 τοι
197 805 327 882 ἶροργίαι.
355 803 544 876 Κλεφθέντων
558 801 587 860 δὲ
600 802 685 862 τῶνδε
697 806 752 861 τῶν
766 800 943 882 ἀγαλμάτων,
954 805 992 860 84

144 891 171 946 οἱ
189 887 364 964 Ἐπιδαύριοι
384 891 460 946 τοῖσι
479 887 656 962 Ἀθηναίοισι
673 888 708 948 τοῖ
728 890 875 948 συνέθεντο
896 888 944 948 οὐκ

145 975 301 1034 ἐπετέλεον·
322 976 482 1052 πέμψαντες
499 973 529 1032 δὲ
548 977 574 1032 οἱ
586 973 731 1050 Ἀθηναῖοι
745 974 856 1050 ἐμήνιον
869 979 946 1033 τοῖσι

143 1061 358 1138 Ἐπιδαυρίοισι·
382 1064 408 1120 οἱ
431 1061 460 1120 δὲ
482 1061 637 1137 ἀπέφαινον
660 1061 736 1141 λόγῳ
759 1061 793 1124 ῶς
816 1060 866 1119 ου’κ
891 1061 945 1120 ἀδι-

145 1153 229 1210 κοῖεν·
251 1149 321 1210 ὅσον
336 1151 388 1228 μὲν
405 1149 461 1230 γάρ
477 1149 580 1229 χρόνον
599 1150 675 1229 εἶχον
692 1149 727 1208 τά
745 1149 898 1231 ἀγάλματα
920 1154 947 1208 ἐν

141 1242 181 1317 τῆ
195 1237 280 1317 χαίρῃ,
300 1238 450 1299 ἐπιτελέειν
468 1238 504 1299 τά
524 1236 682 1300 συνέθεντο·
705 1240 764 1298 ἐπεὶ
783 1239 812 1298 δέ
833 1242 944 1316 ἐστερῆ-

144 1327 214 1385 σθαι
236 1325 332 1398 αὐτῶν,
352 1325 384 1386 οὗ
409 1327 514 1388 δίκαιον
535 1327 604 1388 εἶναι
626 1326 779 1405 ἀποφέρειν
801 1329 848 1398 ἔτι,
870 1325 946 1386 ἀλλά

143 1414 208 1478 τοῦς
222 1415 336 1494 ἔχοντος
353 1415 424 1476 αὐτῶ
437 1415 588 1497 Αἰγινήτας
604 1415 788 1494 πρήσσεσθαι
808 1418 944 1475 ἐκέλευον.

144 1502 214 1580 πρδς
225 1509 313 1564 ταῦτα
325 1503 470 1580 Ἀθηναῖοι
481 1511 508 1568 ἐς
517 1505 633 1586 Αἴγιναν
642 1505 802 1584 πέμψαντες
813 1504 945 1564 ἀπαίτεον

144 1590 180 1650 τά
192 1590 353 1672 ἀγάλματα·
376 1596 402 1652 οἶ
416 1593 445 1652 δὲ
458 1597 605 1674 Αἰγινῆται
619 1595 738 1670 ἔφασαν,
754 1595 842 1670 σφίσι
856 1619 886 1652 τε
899 1593 945 1650 καὶ

144 1677 320 1756 Ἀθηναίοισι
334 1680 402 1742 εἶναι
417 1680 495 1741 οὐδὲν
508 1685 635 1763 πρῆγμα.
676 1682 819 1758 Ἀθηναῖοι
833 1683 884 1758 μέν
898 1707 945 1740 νυν
954 1683 992 1739 85

144 1767 262 1848 λέγουσι
283 1769 355 1846 μετοὶ
375 1769 426 1845 τῆν
450 1769 603 1846 ἀπαίτησιν
623 1770 820 1844 ἀποσταλῆναι
839 1769 945 1846 τριήρεϊ

144 1858 196 1934 μιῆ
213 1859 268 1916 τῶν
286 1855 389 1926 ἀστῶν,
403 1857 517 1920 τούτους
537 1857 569 1916 οἳ.
581 1857 812 1932 ἀποπεμφθέντες
826 1855 882 1915 ἀπό
896 1862 948 1915 τοί·

145 1947 239 2002 κοινοῦ
253 1944 299 2002 καὶ
313 1943 477 2017 ἀπικόμενοι
491 1948 518 2004 ἐς
531 1944 656 2022 Αἴγιναν,
670 1943 706 2000 τοὶ
719 1942 869 2022 ἀγάλματα
884 1947 945 2002 ταῶ-

144 2055 181 2089 τα
194 2029 230 2092 ῶς
243 2029 388 2104 σφετέρων
407 2029 497 2097 ξόλων
514 2029 595 2089 ἐόντα
613 2032 761 2105 ἐπειρῶντο
778 2035 807 2086 ἐκ
824 2032 878 2088 τῶν
893 2029 946 2105 βά-

146 2117 219 2194 θρων
233 2116 403 2189 ἐξανασπᾶν,
420 2116 464 2176 ἶνα
478 2116 555 2192 σφέα
569 2114 800 2193 ἀνακομίσωνται·
823 2115 855 2176 οὗ
869 2118 946 2177 δυνα-

144 2205 245 2279 μένους
258 2204 288 2264 δὲ
301 2203 388 2283 τούτῳ
401 2207 439 2284 τῶ
452 2204 546 2287 τρόπῳ
560 2203 650 2266 αὐτῶν
668 2209 812 2282 κρατῆσαι,
828 2207 944 2283 περιβα-

510 2291 585 2316 &il

145 2293 248 2358 λόντας
257 2294 370 2373 σχοινία
381 2295 472 2356 ἕλκειν
484 2319 519 2354 τα
530 2299 691 2375 αγολματα·
706 2295 754 2352 καί
765 2301 821 2370 σφι
832 2295 947 2354 ἕλκουσι

145 2382 270 2459 βροντήν
279 2409 316 2458 τε
325 2382 370 2442 καὶ
384 2382 443 2460 αἷμα
456 2385 492 2461 τῆ
504 2383 615 2462 βροντῆ
628 2381 749 2458 σεισμόν
760 2383 946 2462 ἐπιγενέσθαι·

145 2469 210 2534 τούς
228 2471 257 2530 δὲ
273 2471 415 2549 τριηρίτας
429 2469 493 2534 τοδς
512 2470 644 2534 ἕλκοντας
656 2469 711 2530 ῶπδ
729 2471 846 2530 τουτέων
860 2469 945 2530 ἀλλο-

147 2563 298 2635 φρονῆσαι·
312 2558 453 2622 παθόντας
467 2558 496 2617 δὲ
509 2562 600 2631 τοῦτο,
614 2557 728 2618 κτείνειν
741 2557 886 2634 ἀλλήλους
900 2558 947 2617 ἀπε

146 2647 297 2723 πολεμίους
317 2652 344 2710 ἐς
357 2646 373 2706 δ
388 2651 418 2704 ἐκ
433 2645 543 2706 πάντων
561 2645 609 2706 ἕνα
627 2647 780 2722 λειφθέντα
796 2645 947 2722 ἀνακομισ-

147 2735 229 2807 θῆναι
250 2734 334 2794 αὐτδν
356 2739 383 2796 ἐς
397 2732 536 2810 Φάληρον.
579 2731 724 2810 Ἀθηναῖοι
743 2734 794 2811 μέν
810 2761 857 2794 νυν
877 2733 946 2791 οὕτω
957 2736 994 2790 86

146 2820 265 2900 λέγουσι
287 2821 428 2901 γενέσθαι.
471 2825 620 2902 Αἰγινῆται
640 2821 678 2894 δὲ,
698 2822 730 2881 οὗ
752 2827 803 2899 μιῇ
825 2823 869 2896 νηὶ·
886 2819 948 2878 ἀπι-

147 2908 248 2966 κέσθαι
259 2906 432 2984 Ἀθηναίους·
453 2911 520 2986 μίαν
533 2913 585 2986 μὲν
597 2909 653 2992 γάρ
667 2911 714 2969 καὶ
727 2911 814 2990 ὀλίγῳ
827 2911 949 2966 πλεῦνας

146 2999 221 3072 μιῆς,
235 2995 281 3055 καὶ
302 2997 327 3056 εἴ
346 3002 404 3072 σφι
422 2997 463 3074 μῆ
480 2999 579 3078 ἔτυχον
593 3002 690 3058 ἐοῦσαι
703 2998 769 3064 νέες,
785 2992 949 3068 ἀπαμύνασ-

148 3086 195 3145 θαι
208 3081 242 3146 ἀν
256 3083 398 3147 εὗπετέως·
412 3084 489 3144 αἷλλοὶ
499 3089 629 3164 πολλῇσι
639 3086 722 3161 νηυσὶ
736 3081 877 3141 ἐπιπλέειν
892 3081 947 3147 σφι

148 3174 193 3232 ἐπὶ
214 3173 267 3250 τῆν
287 3173 391 3253 χοίρην·
413 3171 493 3234 αὐτοὶ
509 3173 541 3232 δέ
561 3179 617 3248 σφι
637 3173 715 3242 εἶξαι,
732 3169 778 3226 καὶ
797 3163 828 3222 οὗ
842 3163 948 3219 διαναυ-

147 3267 287 3340 μαχῆσαι·
302 3259 512 3343 (οὐκέχουσιδέ
528 3263 612 3320 τοῦτο
623 3258 794 3330 διασημῆναι
808 3246 949 3322 ἀτρεκέως,

156 3347 239 3398 Π.-4
