2280 3432
157 87 203 134 τοο
466 79 649 130 ‘ammom
892 79 955 143 [m.

139 161 219 232 Ιτοῦς
250 161 426 238 δαινυμένους
452 159 575 236 Πέρσας,
603 157 649 216 καὶ
679 157 729 219 τὸν
757 156 881 236 στρατδν
907 160 957 220 τδν

156 251 289 325 ἐλίπομεν
309 249 354 307 ε’πὶ
374 251 412 326 τῷ
432 250 548 326 ποταμῷ
568 244 874 324 στρατοπεδευόμενον;
895 248 957 320 τρύ-

155 365 209 398 των
227 335 336 396 πάντων
352 335 441 414 ὄψεαι,
458 333 556 414 ὀλίγου
576 333 650 398 τινδς
667 331 771 412 χρόνου
790 334 956 411 διελθόντος,

156 425 268 506 ὀλίγους
281 423 356 488 τινὰς
373 423 437 486 τοῦς
455 420 707 504 περιγενομένους.”
747 422 835 481 ταῦτα’
851 449 882 482 τε
899 422 958 500 α’ίμα

155 512 206 572 τῦν
216 513 332 588 Πέρσην
345 511 448 592 λέγειν,
459 510 505 569 καὶ
517 512 640 586 μετιέναι
653 511 751 569 πολλιῖ
760 514 815 570 τῶν
825 510 958 588 δακρύων·

157 599 239 663 αύτὸς
265 599 294 658 δὲ
319 598 451 676 θωμάσας
474 597 523 658 τδν
547 598 643 680 λόγον,
667 601 752 658 εἰπεῖν
773 597 843 676 πρὸς
864 597 958 660 αύτύν·

157 688 270 748 (ὀύκιῦν
288 687 436 766 Μαρδονίῳ
453 713 484 748 τε
504 691 592 747 ταῦτα
611 685 696 765 χρεόν
712 691 774 746 ε’στι
791 687 891 768 λέγειν,
913 689 960 747 καὶ

155 780 232 836 τοῖσι
247 775 306 853 μετ’
322 779 423 836 ἐκεῖνον
440 780 469 835 ἐν
485 776 547 852 αἴνῃ
566 778 645 834 ἐοῦσι
665 775 799 851 Περσέων
808 771 832 843 ;”
859 773 909 834 τὸν
930 775 959 834 δὲ

156 863 228 940 μετοῖ
239 868 327 923 ταῦτα
344 866 438 923 εἰπεῖν·
460 873 477 898 “
486 863 562 934 ξεῖνε,
584 861 600 922 ὅ
616 887 643 921 τι
660 862 701 922 δεῖ
717 862 849 943 γενέσθαι
866 867 895 921 ἐκ
909 861 959 922 τοῦ

159 951 222 1011 θεοῦ
256 951 400 1033 ἀμήχανον
434 949 590 1028 ἀποτρέψαι
624 949 767 1028 ἀνθρώπῳ·
809 949 871 1008 οῦδὲ
904 950 959 1030 γὰρ

157 1040 246 1100 πιστὰ
269 1039 386 1121 λέγουσι
409 1039 499 1130 &ssa
521 1039 667 1128 ῃείθεσθαι
689 1038 785 1100 οῦδείς·
819 1041 906 1098 ταῦτα
930 1037 960 1097 δὲ

158 1128 291 1204 Περσέων
320 1127 420 1206 συχνοὶ
453 1125 632 1201 ἐπιστάμενοι
667 1123 790 1201 ἑπόμεθα
823 1124 959 1206 ἀναγκαίῃ

160 1215 334 1292 ἐνδεδεμένοι·
357 1221 391 1293 έχ
409 1215 474 1290 ι’στη
495 1214 524 1272 δὲ
546 1212 628 1290 ὀδύνη
650 1214 710 1273 ε’στὶ
731 1217 786 1274 τῶν
807 1218 836 1272 έν
857 1211 960 1290 α’νθρώ·

158 1328 240 1362 ποισι
263 1302 340 1379 αὕτη,
364 1301 461 1362 πολλοὶ
489 1303 643 1378 φρονέοντα
668 1302 784 1379 μηδενδς
811 1303 961 1378 κρατέειν.”

158 1396 245 1451 ταῦτα
258 1394 309 1468 μὲν
322 1394 372 1450 τοῦ
391 1388 575 1469 Ὀρχομενίου
592 1389 770 1467 Θερσάνδρου
790 1388 898 1465 ἤκουον,
913 1390 960 1449 καὶ

158 1480 223 1541 τάδε
246 1479 315 1557 πρῦς
341 1477 475 1548 τούτοισι,
498 1477 533 1541 ὦς
553 1476 634 1540 αῦτδς
655 1477 753 1538 αὐτίκα
773 1478 853 1558 λέγοι
872 1482 961 1538 ταῦτα

158 1567 229 1644 πρὸς
242 1565 401 1643 ἀνθρώπους
418 1565 553 1644 πρότερον
568 1563 587 1641 ἦ
604 1566 737 1646 γενέσθαι
752 1569 781 1626 έν
795 1569 961 1644 Πλαταιῇσι

159 1654 326 1732 &vudm-

113 1744 152 1804 17
201 1741 361 1818 Μαρδονίου
377 1739 406 1800 δὲ
425 1745 504 1820 ἐντῇ
523 1741 641 1821 Βοιωτίῃ
660 1741 959 1820 στρατοπεδευομένου,

160 1831 187 1888 οἱ
212 1831 264 1906 μὲν
291 1827 376 1888 ἄλλοι
402 1831 568 1908 παρείχοντο
596 1828 715 1894 ἅπαντες
743 1829 886 1907 στρατιήν,
914 1831 961 1888 καὶ

131 1981 133 1985 ,
160 1918 357 1994 συνεσέβαλον
371 1922 398 1981 ές
410 1917 530 1994 Ἀθήνας
543 1917 660 1994 ὅσοιπερ
675 1917 803 1994 ἐμήδιζον
815 1916 962 1992 Ἑλλήνων

160 2009 215 2066 τοῖν
232 2004 319 2083 ταύτῃ
338 2007 496 2082 οἰκημένων·
517 2010 616 2082 μοῦνοι
635 2005 664 2064 δὲ
680 2007 785 2069 Φωκέες
800 2004 832 2064 ού
846 2006 960 2066 συνεσέ-

159 2094 264 2169 βαλον·
295 2092 423 2170 ἐμήδιζον
449 2092 503 2173 γιῖρ
531 2094 565 2169 δὴ
589 2093 704 2170 σφόδρα
729 2093 775 2151 καὶ
800 2091 885 2162 οῦτοι,
910 2091 961 2152 ούκ

163 2181 269 2245 ἑκόντες
284 2179 349 2241 ἀλλ’
362 2178 407 2239 ὕπ’
422 2180 581 2261 ἀναγκαίης·
602 2182 725 2259 ἡμέρῃσι
739 2181 768 2241 δέ
783 2179 815 2240 οῦ
831 2183 962 2258 πολλῇσι

160 2268 231 2345 μεταὶ
243 2269 294 2344 τὴν
308 2267 401 2338 ἄπιξιν
414 2268 465 2344 την
476 2274 503 2331 ές
517 2268 616 2344 Θήβας
626 2268 752 2346 ὕστερον,
767 2267 857 2343 ἦλθον
869 2266 962 2328 αύτιῦν

161 2355 275 2415 ὁπλῖται
289 2356 386 2432 χίλιοι·
407 2353 459 2435 ἦγε
476 2356 506 2415 δὲ
524 2355 623 2419 αύτούς
635 2355 809 2436 Ἁρμοκύδης
823 2354 893 2433 α’νηρ
905 2358 962 2416 τιῦν

161 2443 255 2502 αἶστιῦν
276 2441 473 2519 δοκιμώτατος·
501 2444 559 2502 ε’πεὶ
578 2444 608 2503 δὲ
629 2442 747 2504 α’πίκατο
769 2445 816 2503 καὶ
836 2441 913 2502 οῦτοι
934 2447 962 2506 ές

161 2530 268 2606 Θήβας,
281 2531 394 2608 πέμψας
408 2530 423 2592 ὁ
438 2531 596 2610 Μαρδόνιος
610 2533 717 2602 ἱππέας,
729 2532 860 2592 ἐκέλευσέ
869 2535 962 2606 σφεας

161 2617 204 2678 ἐπ’
224 2621 329 2678 ἑωυτῶν
358 2623 387 2679 έν
414 2624 452 2699 τῷ
479 2621 563 2700 πεδίῳ
593 2620 710 2690 ἵζεσθαι·
745 2621 805 2679 ε’πεὶ
829 2620 859 2679 δὲ
888 2617 962 2678 ε’ποί-

156 2731 235 2782 ησαν
255 2710 351 2776 ταῦτα,
373 2705 470 2768 αύτίκα
491 2713 584 2784 παρῆν
606 2706 625 2784 ἠ
648 2709 732 2772 ἵππος
755 2707 863 2768 ἅπασα·
890 2705 964 2785 μετὰ

162 2794 307 2864 δὲταῦτα,
328 2794 456 2870 διεξῆλθε
475 2797 527 2872 μὲν
554 2795 600 2854 διιῖ
627 2798 676 2855 τοῦ
700 2795 892 2872 στρατοπέδου
911 2798 963 2856 τοῦ

161 2880 329 2957 Ἑλληνικοῦ
361 2887 411 2942 τοῦ
441 2881 512 2958 μετὰ
544 2882 648 2958 Μήδων
679 2882 771 2947 ε’όντος
806 2883 897 2959 φήμη,
927 2881 963 2945 ώς

165 2973 338 3029 κατακοντιεῖ
356 2969 456 3045 σφέας·
484 2969 612 3044 διεξῆλθε
633 2969 662 3028 δὲ
683 2967 716 3028 δι’
737 2969 827 3031 αῦτιῦν
847 2970 963 3030 Φωκέων

161 3054 248 3116 τώυτῦ
266 3061 358 3117 τοῦτο·
380 3057 444 3116 ἔνθα
460 3055 494 3131 δή
514 3062 569 3132 σφι
585 3055 601 3116 ὅ
620 3056 777 3137 στρατηγὸς
789 3057 964 3135 Ἁρμοκύδης

163 3145 294 3220 παραίνεε
315 3143 405 3225 λέγων
425 3142 527 3204 τοιάδε·
555 3142 602 3202 “03
623 3145 736 3214 Φωκέες,
756 3145 886 3223 πρόδηλα
906 3144 963 3227 γδρ

168 3227 207 3288 ῖτι
227 3229 313 3304 ἡμέας
340 3228 417 3290 οῦτοι
444 3233 470 3289 οἱ
496 3229 637 3308 ἅνθρωποι
662 3233 804 3308 μέλλουσι
830 3233 965 3314 προόπτῳ
