2204 3430
162 180 274 244 ιιι-ιι]
462 180 665 229 υαΡαιιιοΡΗ.
934 179 964 227 31

162 263 193 319 αἰ
206 257 287 318 αύταί
300 257 367 318 ἐωσι
380 259 471 335 φυλαὶ
485 258 531 316 καὶ
538 255 628 330 Ἴωσι,
642 258 692 317 τόν
702 256 848 335 ὁμόνομον
858 258 964 316 Κλεισ-

163 347 244 407 θένεα
261 345 430 424 ἐμιμήσατο.
473 345 509 408 ὦς
521 345 576 428 γοίρ
595 345 629 421 δή
645 344 695 405 τόν
708 344 861 421 Ἀθηναίων
875 345 965 421 δῆμον

162 434 298 513 πρότερον
319 435 487 513 ἀπωσμένον
507 435 571 496 τότε
591 433 683 495 πόντα
702 433 773 510 πρός
793 433 845 509 τῆν
865 437 966 493 ἑωυτοῦ

161 527 262 601 μοῖραν
288 523 496 602 προσεθήκατο,
519 523 569 587 τὰς
591 523 683 600 φυλοίς
709 522 891 600 μετωνόμασε
918 523 964 581 καί

161 613 278 688 ἐποίησε
291 615 414 676 πλεῦνας
428 613 459 682 ἐξ
475 610 649 672 ἐλασσόνων·
671 611 737 671 δέκα
754 637 785 670 τε
804 609 837 687 δή
855 610 962 689 φυλόρ

160 725 227 778 χους
240 699 302 760 α’ντὶ
311 700 454 778 τεσσέρων
468 701 592 776 ἐποίησε,
607 700 673 766 δέκα
687 700 716 758 δέ
730 698 776 758 καὶ
785 697 850 762 τούς
860 697 964 776 δήμους

161 789 293 865 κατένεμε
304 791 331 851 ἐς
340 787 390 852 τοίς
401 787 503 864 φυλάς·
516 787 551 864 ῆν
561 814 600 858 τε,
609 787 659 848 τόν
669 787 757 864 δῆμον
763 787 962 864 προσθέμενος,

161 879 262 952 πολλῷ
275 874 429 952 κατύπερθε
443 879 497 934 τῶν
511 875 760 935 ἀντιστασιωτέων.
778 873 828 934 Ἐν
838 879 876 952 τῷ
885 875 1010 951 μέρεῖἰθ

162 960 192 1018 δέ
208 960 379 1038 ἑσσούμενος
395 961 581 1042 όἸσαγόρης,
600 961 793 1040 ἀντιτεχνᾶται
810 961 885 1020 τάδε·
907 967 962 1021 ἐπι-

162 1050 292 1108 καλέεται
313 1049 477 1126 Κλεομένεα
500 1049 550 1109 τὸν
569 1049 796 1125 Λακεδαιμόνιον,
815 1047 964 1128 γενόμενον

162 1139 252 1215 ἑωυτῷ
268 1137 357 1206 ξεῖνον
374 1136 432 1197 dv&
450 1141 500 1213 τῆς
518 1136 774 1214 Πεισιστρατιδέων
791 1137 963 1212 πολιορκίης·

161 1224 211 1286 τόν
237 1225 267 1284 δὲ
301 1226 463 1303 Κλεομένεα
498 1225 555 1305 εἶχε
582 1227 656 1301 αἰτίη
684 1229 785 1301 φοιτᾶν
811 1223 888 1303 παραὶ
913 1229 964 1285 τοῦ

160 1309 311 1393 Ἰσαγόρεω
326 1313 379 1390 τῆν
396 1317 522 1394 γυναῖκα.
564 1312 600 1374 τιί
617 1315 669 1391 μὲν
683 1311 717 1389 δή
731 1317 827 1390 πρῶτα
846 1312 964 1390 πέμπων

161 1398 178 1459 ό
205 1403 367 1479 Κλεομένης
395 1392 422 1466 ἐς
449 1401 498 1466 τιίς
527 1401 648 1478 Ἀθήνας
677 1401 791 1480 κήρυκα,
820 1401 963 1478 ἐξέβαλλε

161 1491 344 1560 Κλεισθένεα,
366 1490 412 1548 καὶ
431 1490 491 1568 μετ’
505 1490 590 1550 αύτοΰ
611 1489 717 1554 ἄλλους
737 1487 864 1553 πολλούς
879 1488 962 1565 Ἀθη-

160 1578 242 1638 ναίων
254 1578 319 1641 τούς
336 1579 448 1660 ἐναγέας
461 1579 606 1660 ἐπιλέγων·
620 1581 708 1638 ταῦτα
718 1578 748 1636 δὲ
757 1578 874 1654 πέμπων
884 1577 963 1656 ἔλεγε

161 1667 191 1722 ἐκ
205 1665 319 1746 διδαχῆς
331 1669 382 1726 τοῦ
394 1665 556 1749 Ἰσαγόρεω·
578 1669 604 1725 οἰ
614 1669 666 1743 μέν
678 1666 733 1748 γιίρ
746 1665 964 1742 Ἀλκμαιωνίδαι

161 1753 206 1811 καί
226 1757 253 1812 οἰ
272 1760 466 1814 συστασιῶται
487 1754 576 1815 αὐτῶν
598 1753 675 1832 εἰχον
695 1753 785 1830 αἰτίην
802 1757 853 1814 τοῦ
870 1752 960 1829 φόνου

160 1840 268 1900 τούτου·
290 1841 373 1905 αύτός
393 1841 422 1900 δὲ
443 1841 475 1901 ού
496 1845 616 1920 μετεῖχε,
638 1840 693 1900 οὐδ’
715 1844 741 1900 οἰ
762 1841 845 1916 φίλοι
866 1840 960 1900 αὐτοῦ.

162 1931 198 1986 Οἰ
207 1927 229 1987 δ’
239 1930 348 2008 ἐναγέες
356 1929 510 2004 Ἀθηναίων
521 1927 572 1986 ὧδε
584 1927 799 2002 ὠνομάσθησαν·
814 1927 849 2002 ῆν
860 1927 962 1988 Κύλων
971 1928 1007 1991 71

160 2018 215 2072 τῶν
225 2015 379 2088 Ἀθηναίων
393 2013 462 2090 οἰνῆρ
476 2013 704 2090 Ὀλυμπιονίκης·
719 2012 799 2077 οὗτος
810 2015 855 2072 ἐπὶ
865 2039 962 2090 τυραν-

161 2099 214 2159 νίδι
241 2100 372 2176 ἐκόμησε·
402 2099 669 2178 προσποιησάμενος
690 2101 719 2160 δέ
741 2101 880 2178 ἑταιρηίην
905 2105 961 2162 τῶν

160 2186 326 2262 ἡλικιωτέων
340 2190 512 2266 καταλαβεῖν
528 2188 581 2266 τῆν
597 2187 752 2266 οἷκρόπολιν
766 2189 908 2268 ἐπειρήθη·
930 2189 963 2250 ού

160 2275 308 2354 δυνάμενος
335 2275 364 2346 δέ
394 2281 587 2355 ἐπικρατῆσαι,
616 2278 705 2354 ἱκέτης
733 2278 804 2350 ἵζετο
831 2277 902 2357 πρός
927 2279 961 2339 τό

159 2361 284 2445 ἄγαλμα·
319 2364 432 2430 τούτους
458 2365 605 2426 οἶνιστέασι
626 2369 678 2443 μὲν
701 2370 727 2427 οἰ
750 2367 882 2444 πρυταίνις
908 2372 963 2428 τῶν

159 2453 339 2530 Ναυκροίρων,
361 2453 439 2530 οἷπερ
457 2455 553 2532 ἔνεμον
571 2454 635 2514 τότε
658 2455 708 2519 τιίς
727 2455 856 2530 Ἀθήνας,
878 2455 962 2538 ύπεγ-

157 2539 240 2619 γόους
257 2541 335 2618 πλήν
354 2542 483 2602 θανάτου·
505 2547 642 2620 φονεῦσαι
661 2543 691 2602 δὲ
707 2543 806 2606 αύτούς
819 2543 892 2620 αἰτίη
906 2546 963 2623 ἐχει

157 2626 386 2706 Ἀλκμαιωνίδας.
427 2634 515 2690 ταῦτα
532 2629 588 2708 πρό
606 2635 656 2706 τῆς
674 2631 885 2708 Πεισιστράτου
901 2631 961 2708 ήλι-

159 2716 218 2790 κίης
232 2719 350 2797 ἐγένετο.
504 2728 509 2737 ’

199 2805 362 2880 Κλεομένης
380 2805 410 2865 δὲ
433 2804 468 2868 εἰς
487 2804 605 2882 πέμπων
626 2805 766 2882 ἐξέβαλλε
787 2806 1010 2867 Κλεισθένεα72

158 2889 205 2948 καί
225 2890 289 2953 τούς
307 2894 427 2972 ἐναγέας,
448 2894 624 2970 Κλεισθένης
643 2896 695 2971 μὲν
713 2893 796 2955 αύτδς
813 2893 961 2969 ὑπεξέσχε·

157 2978 229 3055 μετοὶ
244 2978 281 3048 δὲ,
297 2977 375 3037 ου’δέν
388 2977 484 3054 ἧσσον
496 2985 589 3058 παρῆν
604 2987 630 3044 ἐς
643 2980 694 3044 τοίς
706 2979 827 3054 Ἀθήνας
841 2977 857 3034 ὅ
872 2981 961 3034 Κλεο-

157 3068 243 3145 μένης
257 3066 288 3126 ού
303 3065 358 3125 σύν
370 3067 482 3147 μεγάλῃ
495 3070 576 3146 χειρὶ,
591 3069 757 3145 ἀπικόμενος
771 3065 800 3122 δὲ
814 3061 964 3139 ἀγηλατέει

158 3154 316 3215 ἑπτακόσια
346 3155 459 3213 ἐπίστια
487 3155 649 3230 Ἀθηναίων,
678 3153 714 3211 τό
743 3155 770 3208 οἱ
798 3146 916 3204 ύπὲθετο
948 3144 965 3201 ὅ

156 3237 317 3326 Ἰσαγόρης.
344 3247 434 3302 ταῦτα
454 3243 483 3301 δέ
503 3243 634 3316 ποιήσας,
654 3238 768 3310 δεύτερα
784 3230 836 3304 τήν
852 3228 956 3304 βουλήῐ

158 3332 307 3392 καταλύειν
325 3334 463 3398 ἐπειρᾶτο,
477 3327 666 3398 τριηκοσίοισι
680 3323 709 3378 δὲ
722 3319 799 3378 τοῖσι
810 3313 930 3391 Ἰσαγόρ
