2204 3430
143 83 190 145 ωΙ
447 73 631 124 Ἤτοιουου
879 75 940 140 [VI.

141 161 197 231 δον,
211 159 333 234 ἤλαυνον
347 156 393 215 ἐπὶ
405 155 458 232 τὴν
471 155 611 231 Μίλητον,
624 153 660 213 τά
681 153 758 214 ἄλλα
773 155 942 230 πολίσματα

142 249 206 324 περὶ
223 245 381 306 ἐλάσσονος
396 241 592 320 ποιησάμενοι·
613 245 663 302 τοῦ
684 242 713 300 δὲ
734 245 863 303 ναυτικοῦ
877 245 942 304 Φοί-

142 361 213 398 νικες
234 336 285 410 μὲν
305 332 379 408 ἦσαν
399 329 616 409 προθυμότατοι·
637 328 890 407 συνεστρατεύοντο
912 332 942 392 δὲ

143 424 189 481 καὶ
213 421 334 498 Κύπριοι
357 420 456 480 νεωστὶ
483 418 729 496 κατεστραμμένοι,
755 419 801 477 καὶ
824 421 942 486 Κίλικές

109 511 126 571 7
140 536 170 570 τε
191 510 237 582 κρὶ
250 508 408 589 Αἰγύπτιοι.
451 510 488 570 Οἱ
501 510 552 584 μὲν
570 506 603 583 δὴ
618 506 664 566 ἐπὶ
676 505 728 582 τήν
742 507 874 581 Μίλητον
895 510 942 568 καὶ

142 597 194 674 την
207 596 299 673 ἄλλην
312 595 417 672 Ἰωνίην
433 595 608 673 ἐστράτευον.
643 592 737 656 Ἴωνες
757 593 786 652 δὲ
806 595 943 664 πυνθανό-ι

143 712 221 762 μενοι
234 689 330 754 ταῦτα,
345 685 468 761 ἔπεμπον
488 683 667 760 προβούλους
687 683 784 757 σφέων
804 681 894 742 αὐτῶν
915 688 942 748 ἐς

143 773 311 836 Πανιώνιον,
328 772 523 850 ἀπικομένοισι
543 770 573 828 δὲ
592 770 718 830 τούτοισι
739 775 766 833 ἐς
781 775 880 830 τοῦτον
893 770 942 832 τάν

98 909 99 914 ,
142 866 233 941 χῶρον
254 862 299 920 καὶ
319 861 553 937 βουλευομένοισι
569 858 644 927 ἔδοξε
657 857 742 934 πεζόν
753 859 805 934 μὲν
819 859 943 936 στρατόν

142 950 182 1026 μή
204 950 354 1030 συλλέγειν
375 947 502 1016 οἷντίξοον
524 947 665 1025 Πέρσῃσι,
686 945 765 1004 άλλοὶ
789 945 825 1004 τοὶ
847 947 942 1026 τείχεα

142 1037 260 1114 ῥύεσθαι
273 1037 372 1099 αύτούς
386 1037 557 1112 Μιλησίους·
578 1034 611 1094 τό
625 1035 655 1092 δέ
668 1032 797 1094 ναυτικόν
815 1037 943 1112 πληροῦν

141 1125 377 1203 ύπολειπομένους
397 1124 534 1201 μηδεμίαν
556 1127 612 1184 τῶν
638 1127 715 1183 νεῶν·
741 1121 943 1199 πληρώσαντες

131 1207 172 1272 «δέ
193 1215 386 1295 συλλέγεσθαι
401 1211 453 1288 τήν
464 1213 604 1290 ταχίστην
625 1217 652 1274 ἐς
664 1209 769 1287 Λάδην,
782 1235 942 1288 προναυμα·

141 1301 283 1380 χήσοντας
296 1299 437 1376 Μιλήτου.
479 1299 498 1376 ἡ
519 1300 548 1358 δὲ
560 1300 640 1376 Λάδη
659 1299 720 1360 ἐστὶ
733 1303 820 1375 νῆσος
834 1300 941 1378 σμικρὴ

108 1393 126 1448 8
142 1390 187 1448 ἐπὶ
200 1395 235 1468 τῇ
248 1389 318 1448 πόλι
331 1393 367 1468 τῇ
379 1389 529 1464 Μιλησίων
543 1389 662 1465 κειμένη.
704 1386 787 1446 Μετά
801 1387 830 1446 δὲ
844 1391 940 1459 ταῦτα,

142 1477 378 1555 πεπληρωμένῃσι
398 1480 466 1554 τῇσι
483 1477 567 1552 νηυσὶ
586 1480 719 1553 παρῆσαν
733 1478 760 1534 οἱ
770 1475 870 1549 Ἴωνες,
887 1477 942 1539 σύν

144 1563 176 1622 δέ
187 1570 243 1640 σφι
257 1565 439 1624 καῖ’Λίολέων
452 1563 478 1624 οῖ
491 1565 609 1645 Λέσβον
622 1565 761 1640 νέμονται·
783 1564 940 1624 ἐτάσσοντο

142 1652 171 1710 δὲ
189 1649 251 1710 ὧδε·
271 1652 304 1711 τδ
324 1654 376 1729 μέν
395 1651 466 1729 πρδς
484 1651 536 1729 τὴν
557 1652 591 1711 ἕω
609 1651 684 1731 εἶχον
698 1652 779 1728 κέρας
792 1649 871 1710 αὐτοὶ
885 1657 941 1712 Μι·

141 1739 248 1815 λη’σιοι,
272 1741 334 1803 νέας
360 1740 546 1820 παρεχόμενοι
572 1738 739 1821 ὀγδώκοντα.
780 1740 890 1820 εἴχοντο
911 1741 941 1800 δὲ

139 1828 258 1888 τουτέων
267 1828 400 1906 Πριηνέες
413 1828 532 1888 δυόδεκα
545 1827 636 1904 νηυσὶ,
651 1827 697 1886 καὶ
707 1827 850 1888 Μυούσιοι
862 1829 941 1904 τρισὶ

141 1917 232 1992 νηυσί·
254 1917 405 1978 Μυουσίων
421 1917 451 1976 δὲ
467 1917 547 1993 Τήῖοι
565 1917 674 1996 εἴχοντο
693 1915 884 1995 ἑπτακαίδεκα
894 1943 941 1992 νη-

140 2006 198 2064 υσί·
218 2005 308 2080 Τηίων
329 2005 359 2064 δὲ
380 2006 489 2084 εἴχοντο
502 2005 575 2064 Χῖοι
588 2001 686 2064 ἑκατόν
706 2005 797 2079 νηυσί·
818 2002 890 2081 πρός
910 2005 941 2064 δὲ

139 2092 265 2166 τούτοισι
277 2092 440 2171 Ἐρυθραῖοί
449 2118 480 2152 τε
491 2092 649 2153 ἐτάσσοντο
663 2092 708 2150 καὶ
717 2093 848 2164 Φωκαέες,
860 2091 940 2170 Ἐρυ-

141 2180 233 2256 θραῖοι
246 2183 297 2256 μὲν
311 2179 383 2240 ὄκτῶ
397 2181 459 2244 νέας
474 2179 662 2259 παρεχόμενοι
675 2181 800 2261 Φωκαέες
814 2179 844 2238 δὲ
856 2183 940 2257 τρεῖς.

140 2268 273 2327 Φωκαέων
295 2267 324 2326 δέ
348 2268 455 2346 εἴχοντο
479 2268 603 2342 Λέσβιοι
629 2268 712 2343 νηυσὶ
736 2267 940 2345 ἐβδομήκοντα.
980 2335 984 2340 ,

139 2357 294 2416 τελευταῖοι
314 2355 343 2414 δὲ
365 2353 521 2415 ἐτάσσοντο
544 2355 653 2434 ἔχοντες
673 2353 705 2414 τό
727 2348 798 2432 πρός
819 2356 941 2433 ἑσπέρην

141 2443 222 2520 κέρας
244 2441 346 2520 Σάμιοι
364 2441 497 2518 ἐξήκοντα
517 2443 609 2519 νηυσί.
650 2442 764 2502 πασέων
780 2443 810 2501 δὲ
822 2443 942 2504 τουτέων

141 2530 158 2590 ὁ
171 2531 285 2609 σύμπας
305 2529 423 2608 ἀριθμός
436 2532 543 2613 ἐγένετο
562 2535 636 2610 τρεῖς
650 2532 696 2590 καὶ
708 2529 881 2607 πεντήκοντα
895 2533 942 2592 καὶ

107 2620 124 2678 9
140 2618 297 2694 τριηκόσιαι
317 2618 449 2696 τριήρεες·
471 2619 552 2680 αὗται
570 2623 622 2698 μὲν
634 2617 733 2679 Ἰώνων
753 2618 839 2696 ἦσαν.
880 2623 943 2681 Τῶν

143 2706 172 2764 δὲ
187 2707 345 2784 βαρβάρων
364 2706 397 2768 τδ
417 2710 526 2786 πλῆθος
539 2712 594 2768 τοῖν
608 2710 676 2768 νεῶν
689 2705 764 2782 ἦσαν
786 2706 942 2777 ἑξακόσιαι.

143 2792 177 2857 ὦς
193 2793 222 2853 δὲ
241 2795 287 2852 καὶ
303 2794 383 2872 αὗται
401 2795 519 2857 α’τίκατο
537 2795 607 2874 πρδς
623 2794 675 2871 τὴν
688 2796 839 2872 Μιλησίην
859 2796 905 2854 καὶ
926 2796 943 2857 ὁ

143 2881 224 2954 πεζός
242 2889 298 2959 σφι
317 2881 390 2948 ἅπας
405 2889 506 2964 παρῆν,
520 2885 640 2944 ἐνθαῦτα
660 2885 687 2941 οἱ
700 2885 835 2961 Περσέων
856 2909 943 2962 στρα-

144 2971 224 3053 τηγοῖ
237 2971 390 3050 πυθόμενοι
402 2973 435 3032 τό
448 2973 559 3048 πλῆθος
571 2975 627 3031 τοῖν
639 2969 736 3031 Ἰάδων
751 2976 827 3042 νεῶν,
843 2997 944 3050 καταρ-

143 3059 271 3136 ρώδησαν
285 3060 325 3138 μὴ
340 3059 372 3120 ού
386 3060 497 3120 δυνατοὶ
509 3060 641 3139 γένωνται
656 3057 881 3136 ὑπερβαλέσθαι,
897 3061 943 3122 καῖ

143 3147 212 3206 οὕτω
226 3147 288 3208 οὔτε
300 3148 353 3224 τὴν
366 3149 498 3223 Μίλητον
512 3147 609 3230 οἷοίτε
622 3149 688 3206 ἔωσι
706 3149 810 3217 ἐξελεῖν
830 3149 871 3226 μη
894 3149 944 3210 ούκ

145 3232 233 3298 ἐόντες
251 3237 442 3314 ναυκράτορες,
461 3233 532 3311 πρός
552 3261 583 3294 τε
603 3236 724 3308 Δαρείου
745 3237 944 3300 κινδυνεύσωσι
