2294 3430
200 113 305 177 17—20]
518 112 704 162 Ποιυιιυιι.
950 114 994 166 131

198 194 258 252 ἐπεὶ
275 194 304 253 δὲ
320 194 448 272 δαιμονίη
462 219 504 258 τις
515 194 621 275 γίνεται
641 193 724 272 ὁρμὴ,
740 194 786 254 καὶ
796 193 948 272 Ἕλληνας,
962 197 998 261 ῶς

198 283 276 352 ἔοικε,
295 282 389 360 φθορή
409 309 451 345 τις
473 281 686 359 καταλαμβάνει
708 281 852 358 θεήλατος,
876 283 929 364 ἐγῶ
946 286 998 362 μὲν
1056 337 1058 344 .

197 371 243 428 καὶ
266 369 348 432 αύτδς
370 370 512 447 τράπομαι
533 372 579 428 καὶ
600 369 651 445 τήν
672 369 784 450 γνώμην
805 371 996 448 μετατίθεμαυ

197 456 234 516 σῦ
248 457 278 516 δὲ
292 457 419 536 σήμηνον
439 461 490 534 μὲν
504 458 637 536 Πέρσῃσι
651 458 687 516 τά
700 463 730 516 ἐκ
744 461 795 517 τοῦ
809 459 874 518 θεοῦ
890 458 997 536 πεμπά-

195 569 274 620 μενα,
287 547 412 624 χρῆσθαι
426 545 456 604 δὲ
469 545 564 604 κέλευε
576 539 654 604 τοῖσι
668 550 698 604 ἐκ
712 546 763 604 σέο
776 545 913 622 πρώτοισι
930 573 996 624 προ-

197 634 367 710 ειρημένοισι
382 638 409 695 ἐς
421 632 474 708 τήν
487 631 676 709 παρασκευήν·
698 633 775 691 ποίεε
789 633 819 691 δὲ
830 632 907 703 οὕτω,
919 633 996 704 ὅκως,

194 724 246 778 τοῦ
268 721 332 779 θεοῦ
354 720 561 797 παραδιδόντος,
585 722 640 779 τῶν
660 723 719 780 σῶν
741 719 865 796 ἐνδεήσει
885 721 996 797 μηδέν.”

196 806 303 866 τούτων
318 808 482 886 λεχθέντων,
500 808 619 866 ἐνθαῦτα
637 807 800 883 ἐπαρθέντες
817 811 853 886 τῇ
873 807 944 886 ὄψει,
962 809 996 873 ῶς

194 891 285 970 ἡμέρη
300 896 408 974 ἐγένετο
420 894 551 973 τάχιστα,
560 894 666 969 Ξέιξης
675 919 706 952 τε
719 893 895 970 ὑπερετίθετο
908 900 996 956 ταῦτα

147 979 150 984 ’
195 982 337 1059 Πέρσῃσι,
352 979 398 1039 καὶ
410 979 594 1058 Ἀρτάβανος,
610 980 641 1043 ῦς
660 979 796 1058 πρότερον
813 981 997 1054 ἀποσπεύδων

194 1074 296 1146 μοῦνος
310 1069 447 1146 ἐφαίνετο,
457 1069 522 1128 τότε
536 1067 708 1128 ἐπισπεύδων
722 1068 842 1144 φανεράς
854 1068 898 1144 ἦν.

235 1156 398 1236 Ὡρμημένῳ
415 1157 444 1216 δὲ
457 1156 549 1236 Ξέρξῃ
570 1157 796 1234 στρατηλατέειν,
814 1157 886 1234 μετά
906 1161 994 1218 ταῦτα
1005 1160 1041 1220 19

193 1245 272 1320 τρίτη
286 1243 349 1322 ὄψις
362 1251 391 1304 ἐν
404 1249 442 1323 τῷ
455 1243 531 1324 ὕπνῳ
544 1246 661 1325 ἐγένετο,
675 1242 727 1320 τὴν
740 1247 767 1304 οἱ
780 1243 867 1326 μάγοι
888 1246 996 1322 ἔκριναν

194 1329 363 1396 ἀκούσαντες
380 1335 476 1410 φέρειν
488 1359 519 1392 τε
533 1333 579 1391 ἐπὶ
592 1337 690 1392 πᾶσαν
704 1337 767 1413 γῆν,
782 1332 943 1392 δουλεύσειν
962 1335 996 1394 τέ

195 1421 221 1476 οἱ
239 1418 343 1483 πάντας
361 1419 530 1498 ἀνθρώπους.
572 1419 591 1496 ἦ
612 1420 642 1480 δέ
661 1419 725 1498 ὄψις
738 1419 773 1496 ἦν
788 1419 846 1496 ἥδε·
868 1419 959 1480 ἐδόκεε
979 1421 995 1480 ὁ

194 1507 299 1583 Ξέρξης
320 1509 536 1583 ἐστεφανῶσθαι
559 1509 654 1584 ἐλαίης
676 1509 782 1586 θαλλῷ·
810 1507 867 1568 άπὸ
891 1509 921 1568 δὲ
944 1512 997 1585 τῆς

194 1594 289 1670 ἐλαίης
307 1595 372 1658 τοῦς
389 1595 507 1658 κλάδους
519 1601 574 1677 γῆν
590 1600 687 1656 πᾶσαν
708 1599 844 1675 ἐπισχεῖν·
865 1595 937 1672 μετά
956 1597 994 1667 δὲ,

194 1679 387 1758 ἀφανισθῆναι
399 1684 464 1759 περὶ
476 1687 511 1761 τῇ
525 1687 638 1762 κεφαλῇ
649 1685 774 1761 κείμενον
783 1684 833 1744 τῶν
843 1685 992 1759 στέφανον.

195 1769 342 1844 κρινάντων
364 1770 394 1828 δέ
414 1770 502 1849 ταύτῃ
526 1775 580 1830 τῶν
603 1771 707 1852 μάγων,
731 1773 865 1848 Περσέων
885 1797 916 1831 τε
938 1775 994 1832 τῶν

194 1858 407 1933 συλλεχθέντων
427 1857 525 1916 αὐτίκα
547 1861 602 1920 πῶς
623 1857 692 1934 ἀνὴρ
716 1863 742 1920 ἐς
763 1857 815 1933 τψν
835 1858 925 1936 ἀρχὴν
942 1859 994 1934 τὴν

195 1945 295 2000 ἑωυτοῦ
315 1941 469 2011 ἀπελάσας,
486 1943 544 2020 εἶχε
564 1944 721 2019 προθυμίην
740 1947 837 2002 πᾶσαν
856 1946 901 2002 ἐπὶ
918 1943 994 2006 τοῖσι

195 2029 373 2103 εἰρημένοισι,
398 2029 487 2087 θέλων
513 2028 596 2090 αῦτῦς
623 2029 740 2090 ἕκαστος
765 2029 801 2088 τά
827 2032 994 2106 προκείμενα

195 2114 269 2191 δῶρα
290 2116 405 2191 λαβεῖν·
430 2116 476 2174 καὶ
498 2116 604 2193 Ξέρξης
623 2121 673 2175 τοῦ
692 2120 815 2193 στρατοῦ
837 2115 907 2176 οὕτω
929 2117 993 2177 ἐπά-

193 2227 292 2282 γερσιν
308 2203 439 2273 ποιέεται,
452 2209 544 2282 χῶρον
562 2201 654 2264 πάντα
675 2208 789 2280 ἐρευνῶν
803 2207 853 2279 τῆς
868 2203 993 2282 ἠπείρου.

192 2288 265 2351 Ἀπδ
280 2290 335 2373 γάρ
349 2289 493 2372 Αἰγύπτου
509 2291 639 2361 άλῶσιος,
655 2293 700 2350 ἐπὶ
719 2294 771 2369 μὲν
790 2293 914 2369 τέσσερα
932 2294 993 2354 ἔτεα
1002 2296 1040 2354 20

192 2378 303 2456 πλήρεα
322 2381 494 2457 παραρτέετο
514 2379 650 2457 στρατιήν
667 2406 697 2439 τε
716 2381 762 2439 καὶ
782 2380 818 2440 τά
839 2379 993 2459 πρόσφορα

192 2471 229 2545 τῇ
245 2472 375 2547 στρατιῇ·
396 2469 513 2548 πέμπτῳ
533 2468 562 2527 δὲ
581 2468 635 2526 ἔτεϊ
650 2467 772 2546 άνομένῳ
789 2469 993 2545 ἐστρατηλάτεε

192 2555 265 2632 χειρὶ
278 2555 389 2636 μεγάλη
407 2556 539 2632 πλήθεος.
581 2555 692 2615 στόλων
705 2555 768 2635 γάρ,
782 2560 837 2616 τῶν
855 2555 935 2633 ἡμεῖς
954 2559 992 2617 ἵδ-

193 2665 252 2715 μεν,
266 2647 365 2722 πολλῷ
386 2644 419 2719 δι)
439 2645 574 2725 μέγιστος
588 2641 668 2707 οὗτος
687 2645 804 2724 ἐγένετο·
827 2643 900 2704 ὥστε
920 2645 992 2721 μήτε

193 2726 243 2785 τὸν
256 2731 376 2805 Δαρείου
388 2731 438 2792 τᾶν
452 2733 497 2791 ἐπὶ
510 2731 619 2797 Σκύθας
631 2731 707 2808 παραὶ
720 2737 820 2792 τοῦτον
830 2731 916 2809 μηδὲν
927 2735 991 2810 φαί-

194 2814 300 2884 νεσθαι,
321 2815 392 2892 μήτε
409 2818 458 2878 τδν
472 2818 616 2889 Σκυθικῶν,
638 2817 685 2878 ὅτε
701 2819 806 2882 Σκύθαι
820 2821 992 2897 Κιμμερίους

194 2899 335 2966 διώκοντες
349 2909 376 2966 ἐς
388 2906 439 2980 τὴν
452 2905 584 2982 Μηδικῆν
594 2906 689 2986 χῶρην
702 2905 877 2983 ἐμβαλόντες
889 2907 993 2985 σχεδὸν

193 2987 285 3048 πάντα
297 2989 333 3048 τά
346 2989 401 3049 άνω
410 2996 460 3066 τῆς
472 2991 572 3070 Ἀσίης
582 2994 842 3071 καταστρεψάμενοι
852 2994 991 3069 ἐνέμοντο·

192 3080 248 3135 τῶν
262 3077 362 3136 εἵνεκεν
381 3077 500 3154 ὕστερον
513 3085 631 3156 Δαρεῖος
645 3081 816 3158 ἐτιμωρέετο
836 3079 908 3154 μήτε
922 3081 991 3140 κατά

192 3163 227 3235 τρὶ
243 3163 382 3247 λεγόμενα
395 3165 445 3226 τᾶν
456 3165 616 3243 Ἀτρειδέων
629 3174 656 3231 ἐς
664 3168 763 3236 Ἴλιον,
776 3165 848 3242 μήτε
867 3165 917 3226 τόν
930 3172 991 3226 Μυ-

192 3256 252 3312 σῶν
270 3279 302 3314 τε
322 3254 368 3314 καὶ
381 3257 508 3332 Τευκρῶν
526 3254 577 3315 τάν
596 3254 652 3332 πρὸ
671 3257 727 3314 τῶν
739 3255 867 3327 Τρωῖκῶν
879 3252 988 3333 γενόμε-
