2204 3430
147 106 178 154 16
448 105 629 155 Ἧυοιοιου
681 125 685 136 ·
902 108 947 173 [V.

144 185 335 267 Ἀρισταγόρῃ
356 187 386 246 δὲ
401 186 554 246 συνέπιπτε
569 187 620 245 τοῦ
638 183 723 245 αύτοῦ
738 186 841 265 χρόνου
857 188 951 250 πάντα

145 278 232 334 ταῦτα
249 273 434 334 συνελθόντα.
477 273 644 350 ἐβουλεύετο
665 271 702 335 ὧν
719 274 791 350 μετά
808 279 864 336 τῶν
881 303 950 337 στα-

146 364 274 432 σιωτέων,
286 361 408 440 ἐκφήνας
420 361 472 437 τήν
482 389 512 422 τε
527 365 627 420 ἑωυτοῦ
640 362 752 442 γνώμην
764 363 809 421 καὶ
822 364 859 422 τά
872 365 949 442 παρά

143 453 193 510 τοῦ
217 449 351 510 Ἱστιαίου
375 449 523 530 ἀπιγμένα·
552 453 578 509 οἱ
602 452 654 527 μὲν
678 449 712 526 δὴ
738 449 824 510 άλλοι
847 451 949 517 πάντες

143 537 257 618 γνώμην
280 537 350 597 κατά
371 537 460 598 τώυτδ
485 538 657 615 ἐξεφέροντο,
680 537 840 602 κελεύοντες
862 539 948 600 ἀπίσ-

143 627 257 686 τασθαι·
283 626 429 690 Ἑκαταῖος
449 627 479 685 δέ
499 625 515 686 ό
536 625 688 707 λογοποιδς
709 629 806 703 πρῶτα
824 629 877 704 μέν
896 629 947 690 οὐκ

144 715 175 772 ἐα
204 713 331 791 πόλεμον
358 714 480 790 βασιλέϊ
509 717 564 774 τῶν
593 713 728 790 Περσέων
759 713 946 792 ἀναιρέεσθαι,

143 803 304 883 καταλέγων
316 801 352 861 τά
367 829 398 862 τε
415 803 493 862 ἔθνεα
507 801 599 861 πάντα
611 803 667 861 τῶν
679 800 749 880 ἦρχε
764 806 882 880 Δαρεῖος
899 807 946 864 καὶ

141 889 192 965 τὴν
213 889 328 968 δύναμιν
348 889 443 950 αύτοῦ·
465 891 528 949 ἐπεί
546 915 577 950 τε
615 893 627 949 ἐ
648 888 697 948 ούκ
717 891 816 960 ἔπειθε,
832 889 946 968 δεύτερα

142 979 330 1056 συνεβούλευε
346 979 450 1038 ποιέειν
468 977 537 1042 ὅκως
553 977 715 1056 ναυκράτεςς
728 983 778 1054 τῆς
795 978 946 1055 θαλάσσης

140 1067 262 1128 ἔσονται·
284 1065 378 1131 άλλως
394 1068 446 1145 μέν
461 1093 509 1127 νυν
526 1066 652 1144 οὐδαμῶς
667 1059 726 1142 ἐφη
740 1067 831 1147 λέγων
847 1071 946 1144 ἐνορᾶν

140 1155 275 1233 ἐσόμενον
294 1160 387 1216 τοῦτο·
413 1155 585 1214 ἐπίστασθαι
605 1154 660 1235 γάρ
685 1153 736 1228 τήν
758 1153 873 1231 δύναμιν
892 1155 945 1230 την

139 1246 292 1319 Μιλησίων
306 1247 408 1302 ἐοῦσαν
421 1241 551 1302 ἀσθενέα·
574 1245 597 1300 εἰ
612 1243 641 1300 δὲ
654 1241 690 1300 τοὶ
705 1241 838 1320 χρήματα
851 1269 943 1302 καται-

138 1331 232 1407 ρεθείη
242 1329 278 1388 τοὶ
293 1335 323 1389 ἐκ
336 1334 386 1389 τοῦ
401 1333 461 1406 ἱροῦ
471 1333 521 1388 τοῦ
535 1334 563 1389 ἐν
576 1330 755 1410 Βραγχίδῃσι
767 1329 802 1389 τά
817 1334 944 1408 Κροῖσος

140 1416 155 1476 ό
169 1417 260 1480 Λυδός
276 1416 400 1492 ιῖνέθηκε,
414 1417 526 1480 πολλάς
542 1417 599 1496 εἶχε
614 1417 728 1480 ἐλπίδας
744 1417 941 1496 ἐπικρατήσειν

138 1510 188 1581 τῆς
209 1504 368 1580 θαλάσσης·
394 1505 440 1564 καὶ
460 1504 531 1564 οὕτω
552 1503 651 1568 αὐτούς
671 1531 702 1564 τε
723 1505 793 1574 ἐξειν
813 1505 943 1584 χρήμασι

137 1590 263 1671 χρᾶσθαι
277 1592 322 1651 καὶ
338 1592 403 1656 τούς
419 1593 571 1670 πολεμίους
590 1593 622 1652 ού
639 1593 777 1668 συλήσειν
791 1593 871 1653 αύτά.
905 1593 941 1654 τά

138 1681 168 1740 δέ
183 1680 316 1760 χρήματα
331 1679 366 1757 ἦν
381 1685 470 1741 ταῦτα
486 1681 607 1762 μεγάλα,
622 1681 657 1744 ὦς
676 1681 828 1757 δεδήλωται
845 1708 894 1759 μοι
913 1689 942 1743 ἐν

137 1773 175 1848 τῷ
194 1767 293 1848 πρώτῳ
313 1773 368 1828 τῶν
387 1768 490 1850 λόγων.
532 1769 600 1844 αὕτη
622 1771 674 1846 μὲν
697 1769 730 1845 δὴ
753 1769 802 1829 ούκ
827 1771 903 1830 ἐνίκα
922 1771 941 1847 ἡ

136 1857 241 1937 γνώμη·
269 1857 360 1917 ἐδόκεε
380 1857 410 1916 δέ
430 1856 504 1936 ὅμως
524 1857 709 1941 ἀπίστασθαι,
733 1859 780 1918 ἕνα
800 1885 831 1919 τε
852 1858 942 1919 αὐτῶν

137 1945 292 2007 πλώσαντα
312 1951 339 2011 ἐς
360 1950 494 2007 Μυοῦντα
515 1950 542 2010 ἐς
561 1945 594 2006 *ro*
615 1946 806 2024 στρατόπεδον
827 1946 861 2006 τό
883 1945 940 2006 α’πδ

134 2039 185 2111 τῆς
199 2035 296 2106 Νάξου
309 2035 443 2107 ἀπελθὸν,
455 2035 501 2096 ἐόν
514 2035 640 2108 ἐνθαῦτα,
652 2035 869 2112 συλλαμβάνειν
882 2061 939 2094 πει-

135 2125 241 2199 ρᾶσθαι
256 2125 321 2186 τούς
337 2124 382 2182 ἐπὶ
397 2128 452 2183 τῶν
469 2127 537 2184 νεῶν
555 2125 739 2185 ἐπιπλέοντας
755 2123 939 2204 στρατηγούς.

90 2210 126 2270 37
135 2209 387 2285 Ἀποπεμφθέντος
400 2211 429 2268 δέ
440 2209 626 2288 Ἰητραγόρεω
640 2209 698 2268 κατ’
710 2209 778 2268 αύτδ
791 2215 882 2281 τοῦτο,
893 2213 940 2270 καὶ

136 2291 335 2373 συλλαβόντος
356 2297 430 2376 δόλῳ
447 2295 581 2356 Ὀλίατον
601 2295 768 2373 Ἰβανώλιος
788 2299 939 2368 Μυλασέα,

136 2387 182 2444 καὶ
189 2385 324 2445 Ἱστιαῖον
332 2383 444 2461 Τύμνεω
453 2384 602 2460 Τερμερέα,
613 2384 659 2442 καὶ
667 2382 752 2458 Κώην
760 2382 939 2460 Ἐρξάνδρεω,

135 2476 174 2552 τῷ
184 2476 302 2550 Δαρεῖος
315 2471 482 2549 Μυτιλήνην
492 2470 661 2548 ἐδωρήσατο,
673 2470 720 2530 καὶ
732 2469 940 2551 Ἀρισταγόρην

134 2559 323 2640 Ἡρακλείδεω
340 2563 478 2638 Κυμαῖον,
493 2559 539 2619 καὶ
554 2557 661 2623 ἄλλους
677 2558 806 2639 συχνούς,
821 2557 891 2618 οὕτω
905 2557 940 2634 δὴ

135 2654 165 2710 ἐκ
178 2653 228 2711 τοῦ
243 2650 381 2728 ἐμφανέος
394 2648 410 2708 ὁ
422 2647 628 2730 Ἀρισταγόρης
644 2647 809 2726 ἀπεστήκεε,
823 2650 880 2707 πᾶν
894 2647 940 2706 ἐπὶ

136 2739 244 2818 Δαρείῳ
261 2736 470 2819 μηχανώμενος.
505 2737 551 2796 καὶ
571 2741 668 2814 πρῶτα
687 2739 739 2814 μὲν
757 2735 834 2818 λόγῳ
849 2734 940 2814 μετεὶς

134 2827 187 2906 την
206 2827 352 2906 τυραννίδα
373 2827 519 2905 ἰσονομίην
538 2825 628 2886 ἐποίεε
647 2830 683 2906 τῇ
704 2824 834 2906 Μιλήτῳ,
851 2824 887 2890 ώς
907 2823 940 2886 ἂν

135 2915 241 2982 ἐκόντες
260 2915 333 2996 αύτῷ
352 2918 378 2975 οἱ
396 2915 539 2992 Μιλήσιοι
559 2917 793 2977 συναπισταίατο·
814 2914 885 2994 μετιὶ
902 2913 939 2984 δέ,

136 3006 182 3066 καὶ
200 3011 229 3068 ἐν
244 3011 280 3087 τῇ
293 3004 370 3084 άλλη
383 3003 473 3084 Ἰωνίῃ
485 3003 575 3065 τώυτδ
593 3008 676 3064 τοῦτο
693 3006 792 3076 ἐποίεε,
806 3003 871 3067 τούς
888 3003 940 3079 μέν

136 3095 288 3165 ἐξελαύνων
306 3099 361 3156 τῶν
381 3094 529 3174 τυράννων,
549 3092 615 3158 τούς
637 3093 660 3153 δ’
682 3096 771 3172 ἔλαβε
792 3091 939 3169 τυράννους

135 3180 191 3243 ἇπδ
207 3189 261 3246 τῶν
277 3189 345 3246 νεῶν
360 3187 416 3246 τῶν
432 3183 677 3261 συμπλευσασέων
694 3185 740 3243 ἐπὶ
758 3181 864 3250 Νάξον,
878 3175 940 3236 τού-

136 3291 200 3333 τους
222 3273 252 3332 δέ
275 3273 349 3349 φίλα
371 3271 551 3350 βουλόμενος
573 3271 721 3334 ποιέεσθαι
742 3274 811 3349 τῇσι
837 3262 938 3324 πόλισι
