2280 3432
383 470 734 544 ‘HPOAOTOY

302 679 562 750 ἸΣΤΟΡΙΩΝ
606 683 802 749 ΟΓΔΟΗ.

507 856 607 883 -0—

466 985 647 1040 OYPANIA.

149 1103 163 1161 l
222 1108 262 1162 01
277 1102 306 1162 δὲ
319 1101 463 1178 Ἑλλήνων
482 1106 509 1166 ές
526 1101 575 1162 τόν
588 1103 715 1164 ναυτικόν
728 1101 852 1180 στρατόν
863 1103 980 1181 ταχθέν-

180 1215 227 1253 τες
255 1187 329 1267 ήσαν
360 1189 426 1249 οἵδε·
456 1189 599 1265 Ἀθηναῖοι
622 1193 682 1266 μὲν,
705 1190 768 1253 νέας
793 1189 981 1268 παρεχόμενοι

182 1277 252 1338 έπταὶ
272 1279 318 1338 καὶ
339 1279 428 1337 εἴκοσι
448 1278 494 1336 καὶ
511 1277 617 1338 ἑκατόν·
638 1278 692 1339 ὖπό
713 1279 743 1338 δὲ
763 1276 863 1355 α’ρετῆς
882 1303 913 1337 τε
933 1279 980 1337 καὶ

183 1367 339 1447 προθυμίης
355 1366 519 1436 Πλαταιέες,
541 1364 650 1442 ἄπειροι
666 1371 717 1442 τῆς
734 1369 862 1439 ναυτικῆς
882 1365 978 1439 ἐόντες,

183 1453 376 1530 συνεπλήρουν
393 1457 470 1512 τοῖσι
486 1451 661 1528 Ἀθηναίοισι
678 1453 730 1518 ταῖς
742 1454 813 1517 νέας·
835 1453 980 1530 Κορίνθιοι

183 1539 213 1600 δὲ
221 1539 497 1617 τεσσερόκοντανέας
505 1541 873 1623 παρείχοντο-Μεγαρέεςδὲ
881 1542 978 1599 εἴκοσι·

183 1629 230 1687 καὶ
243 1628 395 1691 Χαλκιδέες
405 1627 544 1704 ἐπλήρουν
558 1630 654 1702 εἴκοσι,
669 1629 821 1705 Ἀθηναίων
832 1635 888 1704 σφι
897 1653 979 1705 παρε-

183 1715 289 1795 χόντων
302 1715 351 1779 τὰς
363 1717 434 1779 νέας·
454 1720 599 1797 Αἰγινῆται
616 1717 645 1775 δὲ
663 1715 857 1776 ὀκτωκαίδεκα·
879 1715 979 1780 Σικυώ-

184 1830 238 1864 νιοι
252 1804 282 1863 δὲ
295 1803 422 1864 δυόδεκα·
444 1803 657 1880 Λακεδαιμόνιοι
671 1805 700 1864 δὲ
713 1804 788 1863 δέκα·
808 1803 980 1880 Ἐπιδαύριοι

183 1893 213 1952 δὲ
233 1891 314 1954 α’κτό·
337 1891 487 1971 Ἐρετριέες
507 1892 537 1951 δὲ
558 1892 636 1952 έπτό·
663 1891 819 1970 Τροιζήνιοι
840 1892 869 1950 δὲ
888 1891 979 1950 πέντε·

187 1983 303 2060 Στυρέες
323 1983 352 2042 δὲ
372 1982 430 2042 δύο·
452 1983 498 2042 καὶ
519 1983 599 2040 Κεῖοι
619 1980 668 2040 δύο
688 2006 719 2040 τε
739 1983 801 2043 νέας
821 1980 866 2039 καὶ
883 1981 979 2055 πέντη-

184 2072 327 2149 κοντέρους
340 2070 398 2152 δύο·
417 2070 522 2147 Λοκροὶ
536 2069 568 2128 δέ
584 2075 640 2146 σφι
659 2071 685 2128 οἱ
702 2067 863 2129 Ὀπούντιοι
876 2066 980 2143 ε’πεβιό-

185 2159 257 2229 θεον,
271 2160 497 2236 πεντεκοντέρους
510 2157 619 2237 ἔχοντες
633 2156 711 2216 ἔπτό.

149 2250 168 2306 2
214 2245 315 2306 Ἦσαν
334 2249 386 2324 μὲν
407 2243 444 2306 ὧν
462 2242 539 2306 οὗτοι
557 2249 583 2304 οἱ
597 2244 812 2323 στρατευόμενοι
828 2243 870 2303 ἐπ’
886 2241 981 2320 Ἀρτε-

183 2333 290 2410 μίσιον·
305 2333 409 2411 εἴρηται
420 2334 451 2393 δέ
459 2360 508 2411 μοι
522 2333 568 2391 καὶ
582 2332 617 2396 ιός
630 2333 663 2392 τό
676 2334 787 2408 πλῆθος
801 2333 913 2390 ἕκαστοι
926 2335 981 2390 τῶν

184 2425 252 2481 νεῶν
277 2423 453 2500 παρείχοντο·
480 2420 597 2498 ἀριθμός
623 2421 653 2480 δὲ
678 2425 733 2480 τῶν
756 2417 981 2497 συλλεχθεισέων

184 2513 251 2569 νεῶν
265 2509 307 2568 ἐπ’
326 2509 505 2587 Ἀρτεμίσιον
522 2508 564 2586 ἦν,
580 2509 669 2587 πάρεξ
686 2513 740 2568 τῶν
753 2506 979 2583 πεντηκοντέρων,

184 2598 237 2674 μία
250 2597 295 2656 καὶ
309 2597 501 2675 ἑβδομήκοντα
515 2598 560 2655 καὶ
573 2596 722 2673 διηκόσιαι.
758 2595 807 2656 τόν
821 2595 850 2654 δὲ
863 2618 982 2671 στρατη·

184 2682 238 2765 γὸν
262 2684 311 2746 τόν
336 2685 369 2746 τό
395 2686 530 2766 μέγιστον
557 2684 657 2763 κρότος
687 2685 786 2763 ἔχοντα
816 2682 982 2760 παρείχοντο

188 2773 368 2851 Σπαρτιῆται,
390 2773 566 2850 Εὐρυβιάδεα
587 2772 636 2832 τόν
657 2771 855 2848 Εὗρυκλειθεω.
880 2772 906 2829 οἱ
928 2766 983 2851 γόρ

187 2860 333 2942 σύμμαχοι
350 2861 399 2922 οὐκ
418 2863 537 2936 ἔφασαν,
553 2859 588 2936 ἢν
607 2860 647 2936 μή
668 2859 684 2919 ό
704 2858 804 2920 Λάκων
820 2856 983 2940 ἡγεμονεύῃ,

186 2947 361 3027 Ἀθηναίοισι
382 2950 501 3027 ἕψεσθαι
520 2947 706 3028 ἡγεομένοισι,
728 2944 806 3006 ἀλλὰ
826 2946 924 3006 λα’σειν
950 2943 983 3003 τό

153 3039 293 3114 3μέλλον
319 3038 435 3098 ἔσεσθαι
465 3034 634 3111 στράτευμα.
688 3034 816 3116 Ἐγένετο
842 3032 898 3113 γαῖρ
925 3030 984 3090 κατ’

187 3125 276 3206 όρχός
296 3126 389 3208 λόγος,
410 3124 476 3202 πρὶν
495 3121 513 3198 ἢ
535 3123 580 3182 καὶ
598 3127 624 3185 ές
643 3123 774 3198 Σικελίην
795 3121 914 3197 πέμπειν
939 3118 984 3176 ε’πὶ

188 3215 359 3295 συμμαχίην,
382 3211 417 3277 ὦς
439 3208 472 3272 τό
493 3210 619 3270 ναυτικὸν
639 3208 814 3286 Ἀθηναίοισι
833 3203 919 3284 χρεόν
942 3203 984 3280 εἴη
