2204 3430
191 10 201 32 0

161 113 202 161 ἰι
480 106 666 156 ἯΡοΔουοτ
929 108 978 175 [ν.

168 187 381 264 ἀρρωδήσαντες
393 183 488 245 αὐτοῦ.
524 184 586 243 ε’πεί
602 211 632 244 τε
646 185 676 244 δὲ
689 188 716 244 οἰ
729 187 849 250 Παίονες
862 185 978 248 α’πικέα-

168 301 202 334 το
217 276 262 333 ἐπὶ
277 273 430 334 θάλασσαν
444 274 571 334 ἐνθεῦτεν
581 279 609 339 ἐς
622 275 694 333 Χίον
707 273 855 350 διέβησαν·
877 274 978 338 ἐόντων

168 363 199 422 δὲ
211 363 265 440 ἤδη
281 369 310 422 ἐν
320 364 388 442 Χίῳ,
404 361 476 422 κατοί
490 363 578 427 πόδας
592 361 729 439 ἐληλύθεε
742 362 877 440 Περσέων
892 364 978 430 ἵππος

167 450 267 527 πολλή
289 449 428 511 διώκουσα
445 451 510 515 τούς
528 452 663 515 Παίονας.
705 451 741 514 εἰς
759 451 788 510 δὲ
806 451 838 510 ού
858 453 976 512 κατέλα-

167 541 233 616 βον,
249 539 461 620 ἐπηγγέλλοντο
482 544 510 604 ἐς
527 538 580 615 τήν
593 541 665 600 Χίον
683 543 760 600 τοῖσι
775 542 891 611 Παίοσι,
906 541 977 607 ὅκως

167 626 202 688 ἂν
215 627 308 687 ὀπίσω
321 626 482 688 ἀπέλθοιεν·
504 629 531 688 οἰ
547 627 577 686 δὲ
591 628 711 691 Παίονες
727 627 792 690 τούς
806 629 910 709 λόγους
924 629 975 690 ούκ

167 715 337 777 ἐνεδέκοντο·
358 714 424 774 ἀλλ’
438 721 468 774 ἐκ
482 716 554 775 Χίου
567 717 619 792 μὲν
632 716 702 775 Χῖοί
710 719 802 791 σφεας
816 720 843 778 ἐς
853 716 975 792 Λέσβον

166 803 283 884 ἤγαγον,
298 802 423 880 Λέσβιοι
441 803 471 862 δὲ
485 809 512 866 ἐς
527 804 668 881 Δορίσκον
682 802 827 879 ἐκόμισαν·
849 805 974 865 ἐνθεῦτεν

168 891 199 951 δέ
218 893 289 972 πεζῇ
311 891 487 969 κομιζόμενοι
508 890 642 952 α’πικέατο
664 895 691 954 ἐς
712 893 857 968 Παιονίην.

118 980 155 1040 99
205 978 410 1062 Ἀρισταγόρης
425 980 463 1050 δὲ,
479 979 573 1056 ἐπειδή
591 980 621 1038 οἰ
633 1005 664 1039 τε
676 979 821 1056 Ἀθηναῖοι
837 979 973 1042 α’πικέατο

165 1069 255 1129 εἰκοσι
262 1069 345 1145 νηυσὶ
358 1067 418 1144 ἅμα
432 1067 734 1149 άγόμενοιἘρετριέων
743 1068 826 1127 πέντε
835 1068 972 1146 τριήρεας,

164 1157 191 1216 οἰ
209 1155 242 1216 ού
260 1155 313 1232 τήν
326 1155 481 1231 Ἀθηναίων
499 1154 582 1234 χάριν
600 1155 808 1230 ἐστρατεύοντο,
824 1153 903 1214 α’λλοί
920 1157 973 1233 τήν

163 1247 255 1306 αύτῶν
275 1244 436 1319 Μιλησίων,
454 1241 628 1320 ὀφειλόμενά
645 1249 701 1319 σφι
722 1241 908 1306 ἀποδιδόντες·
933 1242 972 1324 (οἰ

162 1331 218 1411 γάρ
229 1331 264 1406 δή
275 1330 419 1406 Μιλήσιοι
428 1329 565 1407 πρότερον
574 1334 651 1390 τοῖσι
659 1329 832 1408 Ἐρετριεῦσι
842 1331 891 1390 τόν
900 1332 972 1406 πρός

165 1419 325 1481 Χαλκιδέας
335 1417 463 1496 πόλεμον
477 1417 677 1494 συνδιήνεικαν,
689 1419 735 1478 ὅτε
745 1445 798 1496 περ
809 1419 855 1477 καὶ
865 1423 971 1480 Χαλκι-

164 1506 244 1565 δεῦσι
265 1505 345 1566 άντία
364 1503 525 1583 Ἐρετριέων
546 1507 592 1566 καὶ
613 1507 765 1582 Μιλησίων
785 1506 887 1583 Σάμιοι
906 1509 972 1584 ἐβο·

163 1592 269 1672 ήθεον·)
293 1591 369 1652 οὗτοι
386 1591 423 1654 ὦν
440 1595 502 1654 ἐπεί
516 1594 550 1655 τέ
565 1600 621 1671 σφι
635 1591 770 1654 α’πικέατο
784 1594 830 1653 καὶ
844 1598 870 1654 οἰ
885 1594 971 1656 ἄλλοι

163 1681 311 1759 σύμμαχοι
329 1680 470 1758 παρήσαν,
485 1683 608 1743 ἐποιέετο
628 1679 783 1759 στρατηίην
803 1681 819 1742 ό
838 1681 971 1762 Ἀρισται·

162 1767 249 1849 γόρης
273 1774 300 1832 ἐς
324 1768 434 1847 Σάρδις.
475 1769 558 1834 αὐτός
579 1773 631 1848 μὲν
657 1769 692 1846 δή
716 1769 766 1829 ούκ
788 1771 970 1846 ἐστρατεύετο

162 1855 229 1915 ἀλλ’
243 1857 320 1934 ἔμενε
340 1863 370 1918 ἐν
390 1858 520 1938 Μιλήτῳ·
541 1857 717 1940 στρατηγούς
734 1858 764 1918 δὲ
779 1856 885 1922 ἄλλους
903 1858 970 1919 εἰπέ-

162 1945 223 2016 δεξε
237 1947 388 2024 Μιλησίων
406 1947 483 2018 εἶναι,
497 1945 547 2008 τόν
561 1951 662 2006 ἑωυτοῦ
675 1973 706 2007 τε
720 1945 861 2023 ἀδελφεόν
876 1953 968 2026 Χαρο

118 2035 267 2095 ῙΟΟπῖνον
280 2035 390 2095 καὶτῶν
404 2035 500 2095 ἄλλων
514 2035 609 2095 α’στῶν
621 2033 827 2112 Ἑρμόφαντον.
856 2034 969 2097 Ἀπικό·

161 2149 240 2200 μενοι
261 2123 291 2182 δὲ
310 2127 349 2202 τῷ
363 2122 460 2201 στόλῳ
476 2123 565 2202 τούτῳ
578 2123 671 2186 Ἴωνες
688 2127 715 2186 ἐς
722 2121 860 2199 Ἐφεσον,
879 2127 969 2184 πλοῖα

161 2214 213 2287 μὲν
230 2211 381 2271 κατέλιπον
401 2215 430 2270 ἐν
449 2211 595 2290 Κορήσσῳ
611 2215 662 2288 τῆς
682 2211 827 2287 Ἐφεσίης,
847 2211 926 2272 αύτοὶ
938 2213 969 2273 δὲ

161 2297 312 2374 ἀνέβαινον
330 2298 404 2376 χειρὶ
430 2301 528 2377 πολλῇ
548 2299 707 2376 ποιεύμενοι
730 2298 882 2375 Ἐφεσίους
904 2299 966 2382 ήγε-

161 2385 259 2464 μόνας·
286 2384 469 2463 πορευόμενοι
496 2385 526 2445 δὲ
549 2385 626 2463 παραὶ
648 2387 778 2464 ποταμόν
797 2388 968 2466 Καΰστριον,

162 2473 288 2534 ἐνθεῦτεν
306 2473 368 2532 ἐπεί
381 2499 412 2533 τε
429 2471 603 2552 ύπερβάντες
618 2474 668 2535 τολ·
684 2478 804 2552 Τμῶλον
822 2474 966 2550 α’πίκοντο,

162 2561 289 2638 αἱρέουσι
308 2559 417 2638 Σάρδις,
432 2561 542 2626 οὐδενός
554 2569 611 2639 σφι
625 2561 814 2626 ἀντιωθέντος·
842 2565 969 2642 αἱρέουσι

162 2649 192 2708 δὲ
204 2649 289 2727 χωρὶς
298 2653 349 2725 τῆς
361 2648 531 2727 α’κροπόλιος
544 2649 638 2712 τάλλα
653 2650 756 2711 πάντα·
777 2651 830 2726 τήν
843 2652 873 2711 δέ
887 2651 969 2731 α’κρό·

165 2741 247 2796 πολιν
271 2736 365 2814 ἐρύετο
382 2736 465 2802 αύτὸς
481 2737 683 2816 Ἀρταφέρνης,
699 2739 769 2817 ἔχων
790 2737 906 2816 δύναμιν
922 2739 968 2800 οἷν-

117 2827 171 2886 101
183 2825 254 2903 δρῶν
268 2823 317 2884 ούκ
332 2825 442 2906 όλίγην.
484 2826 524 2886 T&
545 2827 575 2886 δὲ
595 2825 635 2904 μή
650 2831 829 2903 λεηλατῆσαι
854 2828 969 2894 ἑλόντας

162 2914 255 2990 σφέας
268 2913 319 2988 τήν
332 2913 426 2984 πόλιν,
441 2915 508 2993 ἐσχε
522 2914 595 2976 τόδε·
620 2914 695 2990 ἦσαν
715 2919 744 2975 ἐν
763 2919 832 2994 τῇσι
849 2916 969 2993 Σάρδισι

163 3001 247 3061 οἰκίαι
274 3003 304 3060 αἰ
324 3003 376 3078 μὲν
395 3005 513 3064 πλεῦνες
535 3001 695 3079 καλάμιναι,
723 3003 790 3062 ὅσαι
814 3003 837 3062 δ’
865 3003 969 3066 αύτέων

166 3090 212 3147 καὶ
224 3089 368 3150 πλίνθιναι
381 3086 457 3164 ἦσαν
471 3087 599 3165 καλάμου
614 3089 690 3168 εἰχον
702 3090 752 3152 τοίς
765 3089 882 3168 ὄροφός.
905 3119 969 3155 του-

163 3178 230 3236 τέων
254 3177 289 3253 δή
313 3177 381 3255 μίαν
408 3179 464 3236 τῶν
485 3201 526 3238 τις
548 3177 738 3253 στρατιωτέων
763 3178 798 3241 ὥς
822 3181 968 3258 ἐνέπρησε,

165 3261 262 3324 αὐτίκα
278 3263 325 3325 ἀπ’
339 3265 427 3340 οἰκίης
445 3267 473 3328 ἐς
491 3265 579 3339 οἰκίην
595 3263 637 3324 ἰὸν
649 3262 684 3326 τό
696 3267 752 3341 πῦρ
770 3267 918 3345 ἐπενέμετο
933 3272 969 3331 τὰ
