2204 3430
177 182 209 228 26
484 177 667 227 Ἤνοαοτου
928 177 975 242 [V.

178 257 344 317 πολλοὶ
304 283 359 319 των
378 256 567 369 βαρβάρων’
554 283 581 320 ες
599 255 728 320 τοιαύτας
755 256 889 365 διφθέρας
906 259 977 370 γρά-

128 347 167 406 59
178 350 276 457 φουσι.
311 343 388 405 Ἴδαν
401 346 488 405 δέ
444 372 490 405 και
503 344 585 409 αὖτδς
595 344 728 422 Καδμήῖα
737 343 889 444 γράμματα
901 351 929 405 ἐν
938 351 977 426 τῷ

103 467 106 471 ·
178 437 226 514 ἱρῷ
243 437 295 494 τοῦ
312 433 492 498 ’Λπόλλωνος
509 438 559 495 τοῦ
572 433 743 511 Ἰσμηνίου’
731 459 759 492 εν
774 423 944 512 Θήβῃσι
909 460 977 512 τῃσι

179 526 333 582 Βοιωτῶν’
321 523 366 582 επὶ
378 523 496 600 τρίποσί
510 549 570 584 τισι
583 520 817 604 ἐγκεκολαμμένα,
831 547 867 580 τα
858 520 977 582 πολλοὶ

177 608 262 688 ὁμοῖα
281 609 362 671 ἐόντα
379 613 456 671 τοῖσι
468 609 625 671 Ἰωνικοῖσι·
645 608 662 670 6
678 611 731 686 μὲν
749 607 782 685 δὴ
797 608 836 672 εἶς
848 613 904 670 τῶν
920 636 977 688 τρι-

177 698 270 760 πόδων
284 699 446 782 ἐπίγραμμα
459 701 526 780 ἔχει·

255 810 408 876 ’Λμφιτρύων
422 812 447 872 μ’
464 813 564 872 ὐνέθηκε
579 813 636 862 νέων
653 810 702 862 dra
719 812 870 876 Τηλεβοάων.

176 911 264 968 ταῦτα
276 907 390 986 ἡλικίην
403 909 445 985 εἴη
459 906 492 968 ἂν
508 906 579 967 κατὰ
591 905 680 967 Λάϊον
692 905 741 968 τδν
754 904 908 983 Λαβδάκου
926 909 977 964 τοῦ

131 998 167 1054 60
179 995 350 1075 Πολυδώρου
375 1001 437 1057 τοῦΙ
454 995 581 1074 Κάδμου.
617 994 732 1073 Ἕτερος
752 995 782 1055 δὲ
802 993 915 1071 τρίπους
935 991 977 1073 [ἐν

60 1107 77 1146 s
178 1084 316 1165 ἑξαμέτρῳ
328 1084 412 1166 τόνῳ]
426 1085 513 1164 λέγει·

257 1204 346 1252 Σκαῖος
362 1202 510 1263 πυγμαχέων
525 1217 556 1258 με
572 1200 680 1263 ἑκηβόλῳ
696 1199 758 1250 ’ὀΛπ
759 1203 833 1249 λλωνι

257 1277 355 1334 νικήσας
372 1273 474 1332 α’νέθηκε
489 1273 540 1321 τεῒν
555 1259 698 1335 περικαλλές
714 1273 856 1335 ἄγαλμα..

178 1374 280 1438 Σκαῖος
292 1373 346 1433 δ’
329 1400 363 1434 αν
376 1373 417 1449 εἴη
436 1372 452 1432 6
470 1371 678 1443 Ιπποκάωντος,
695 1399 718 1432 ει
710 1369 813 1448 ’δη
780 1371 893 1452 ουτόςγ
892 1370 976 1430 ’ἐστὶ

180 1459 197 1521 6
223 1459 334 1524 α’ναθεῖς
360 1461 407 1520 καὶ
428 1459 469 1537 μὴ
496 1459 584 1524 ἄλλος
608 1459 696 1520 ταῖυτδ
721 1458 824 1536 οὕνομα
847 1461 916 1539 έχων
938 1463 977 1538 τῷ

177 1547 388 1619 Ἱπποκόωντος,
414 1548 526 1625 ἡλικίην
553 1547 623 1608 κατοῖ
646 1547 779 1608 Οἰδίπουν
804 1547 854 1608 τδν
876 1548 974 1606 Λαΐου.

132 1637 168 1697 61
179 1636 278 1715 Τρίτος
298 1637 327 1697 δὲ
339 1638 452 1715 τρίπους
464 1637 548 1718 λέγει,
562 1636 608 1695 καὶ
621 1633 701 1699 οὗτος
715 1641 744 1696 ἐν
758 1635 904 1715 ἑξαμέτρῳ·

259 1756 388 1815 Λαοδάμας
403 1755 495 1819 τρίποδ’
514 1757 585 1804 αὑτὸν
602 1754 713 1814 ἐυσκόπῳ
725 1753 863 1802 ’Λπόλλωνι

257 1829 408 1892 μουναρχέων
420 1829 520 1889 ἀνέθηκε
536 1829 585 1876 τείν
602 1827 745 1889 περικαλλές
762 1825 870 1886 ἄγαλμα.

177 1929 243 1991 Ἐπὶ
261 1931 362 1994 τούτου
389 1931 423 2010 δή
449 1936 501 1993 τοῦ
521 1929 721 2008 Λαοδάμαντος
742 1932 792 1988 τοῦ
814 1926 975 1993 Ἐτεοκλέος

178 2021 398 2100 μουναρχέοντος
414 2020 605 2091 ἐξανιστέαται
623 2018 760 2096 Καδμεῖοι
776 2015 822 2076 ὕπ’
835 2016 973 2098 Ἀργείων,

178 2108 224 2166 καὶ
243 2109 391 2186 τρέπονται
412 2113 440 2172 ἐς
462 2107 527 2172 τούς
543 2105 705 2188 Ἐγχέλεας·
728 2108 755 2164 οῖ
775 2104 804 2162 δέ
824 2107 975 2181 Γεφυραῖοι

176 2193 400 2272 ὑπολειφθέντες,
420 2196 540 2273 ὕστερον
559 2193 613 2253 ὖπδ
635 2196 763 2252 Βοιωτῶν
786 2190 975 2270 ἀναχωρέουσι

179 2287 207 2346 ές
224 2281 353 2360 Ἀθήνας·
368 2285 417 2343 καί
427 2291 482 2360 σφι
501 2281 547 2360 ῖρά
564 2287 626 2340 ἐστι
640 2285 669 2340 ἐν
681 2277 818 2356 Ἀθήνῃσι
837 2279 973 2356 ἱδρυμένα,

176 2374 231 2431 τῶν
252 2370 330 2432 οὐδὲν
352 2371 425 2450 μέτα
445 2373 522 2431 τοῖσι
545 2369 674 2428 λοιποῖσι
694 2365 877 2441 Ἀθηναίοισι,
899 2365 975 2426 ἅλλα

175 2483 207 2519 τε
215 2458 414 2570 κεχωρισμένα
426 2462 481 2519 τῶν
498 2455 593 2516 ἄλλων
607 2457 672 2530 ῖρῶν
685 2453 731 2512 καὶ
744 2451 777 2528 δὴ
791 2450 837 2511 καὶ
849 2450 976 2532 Ἀχαιΐης

176 2545 349 2624 Δημητρος
341 2545 400 2624 ιράν
412 2571 443 2605 τε
457 2545 503 2604 καὶ
516 2543 607 2651 ὄργια.

130 2637 167 2694 62
216 2633 253 2694 Ἡ
273 2636 325 2710 μέν
345 2633 379 2708 δη
400 2632 463 2712 ὄψις
483 2636 533 2692 τοῦ
552 2627 742 2708 Ιππάρχου’
728 2628 863 2700 ἐνυπνίου,
885 2629 930 2688 καὶ
949 2635 976 2691 οἶ

176 2724 330 2798 Γεφυραῖοι
349 2719 444 2780 δθεν’
431 2719 606 2802 ἐγεγόνεσαν,
619 2744 674 2779 πων
673 2716 767 2828 ἦσαγ
781 2719 808 2777 οῖ
820 2715 975 2830 Ιπποίρχου

177 2805 316 2885 φονέες,’
298 2806 443 2888 απήγηταί
453 2835 511 2887 μοι·
533 2807 613 2868 δεῖδὲ
626 2805 696 2885 πρδς
708 2806 835 2867 τούτοισι
853 2807 893 2867 ἐτι
911 2805 975 2867 α’να-

175 2896 279 2972 λαβεῖν
291 2894 341 2956 τδν
354 2895 413 2957 κατ’
423 2897 511 2978 άρχιῖς
521 2895 569 2975 ἤϊα
582 2897 670 2968 λέξων
683 2895 778 2979 λόγον,
790 2895 825 2960 οἷς
838 2895 976 2972 τυράννων

176 2983 403 3061 ἐλευθερώθησαν
412 2984 564 3064 Ἀθηναῖοι.
584 2985 697 3045 Ἱππίεω
707 2985 919 3064 τυραννεύοντος
930 2984 975 3042 καὶ

176 3074 423 3152 ἐμπικραινομένου
436 3073 612 3152 Ἀθηναίοισι
629 3074 675 3134 διά
691 3075 740 3136 τδν
753 3073 909 3153 Ἱππάρχου
928 3071 975 3130 θά-

175 3186 267 3232 νατον,
286 3159 568 3240 ΗΛλκμαιωνίδαι,
533 3191 613 3247 γενος
638 3164 728 3228 ἐόντες
750 3161 903 3238 Ἀθηναῖοι,
930 3158 976 3217 καὶ

176 3248 325 3331 φευγοντες
345 3254 621 3333 Πεισιστρατίδας,’
609 3255 672 3314 επεί
689 3279 720 3313 τε
740 3248 837 3328 σφι
819 3274 878 3327 αμα
898 3250 976 3307 τοῖσι

176 3333 293 3394 ἄλλοισι
312 3338 466 3398 Ἀθηναίων
489 3343 600 3400 ώυυάσι
622 3341 821 3400 πειαωαένοισι
844 3335 915 3396 κατεῖ
941 3330 975 3394 vd
