<?xml version="1.0" encoding="UTF-8"?>
<!DOCTYPE html PUBLIC "-//W3C//DTD XHTML 1.0 Transitional//EN"
    "http://www.w3.org/TR/xhtml1/DTD/xhtml1-transitional.dtd">
<html xmlns="http://www.w3.org/1999/xhtml" xml:lang="en" lang="en">
 <head>
  <title>
</title>
<meta http-equiv="Content-Type" content="text/html;charset=utf-8" />
  <meta name='ocr-system' content='tesseract 3.04.00' />
  <meta name='ocr-capabilities' content='ocr_page ocr_carea ocr_par ocr_line ocrx_word'/>
</head>
<body>
  <div class='ocr_page' id='page_1' title='image "./herodotusrecens01blakgoog_0174.png"; bbox 0 0 2294 3430; ppageno 0'>
   <div class='ocr_carea' id='block_1_1' title="bbox 95 152 1022 3388">
    <p class='ocr_par' dir='ltr' id='par_1_1' title="bbox 95 152 978 2329">
     <span class='ocr_line' id='line_1_1' title="bbox 180 152 976 216; baseline 0 -16"><span class='ocrx_word' id='word_1_1' title='bbox 180 152 321 216; x_wconf 78' lang='lat'>103-106]</span> <span class='ocrx_word' id='word_1_2' title='bbox 494 152 679 212; x_wconf 75' lang='grc' dir='ltr'>ΠΟΛΤΜΝῙΑ.</span> <span class='ocrx_word' id='word_1_3' title='bbox 931 153 976 200; x_wconf 86' lang='grc'>161</span> 
     </span>
     <span class='ocr_line' id='line_1_2' title="bbox 178 229 976 313; baseline 0.004 -22"><span class='ocrx_word' id='word_1_4' title='bbox 178 229 341 312; x_wconf 78' lang='grc' dir='ltr'>ἠνάγκασας</span> <span class='ocrx_word' id='word_1_5' title='bbox 363 231 457 312; x_wconf 87' lang='grc' dir='ltr'>λέγειν</span> <span class='ocrx_word' id='word_1_6' title='bbox 479 235 534 292; x_wconf 93' lang='grc' dir='ltr'>τῶν</span> <span class='ocrx_word' id='word_1_7' title='bbox 556 230 648 313; x_wconf 87' lang='grc' dir='ltr'>λόγων</span> <span class='ocrx_word' id='word_1_8' title='bbox 671 229 736 295; x_wconf 83' lang='grc' dir='ltr'>τούς</span> <span class='ocrx_word' id='word_1_9' title='bbox 759 229 976 307; x_wconf 74' lang='grc' dir='ltr'>ἀληθεστάτους,</span> 
     </span>
     <span class='ocr_line' id='line_1_3' title="bbox 180 318 978 400; baseline 0.001 -23"><span class='ocrx_word' id='word_1_10' title='bbox 180 319 276 398; x_wconf 81' lang='grc' dir='ltr'>ἔλεγον</span> <span class='ocrx_word' id='word_1_11' title='bbox 296 318 332 378; x_wconf 82' lang='grc' dir='ltr'>τά</span> <span class='ocrx_word' id='word_1_12' title='bbox 352 319 506 396; x_wconf 82' lang='grc' dir='ltr'>κατήκοντα</span> <span class='ocrx_word' id='word_1_13' title='bbox 529 319 731 398; x_wconf 71' lang='grc' dir='ltr'>Σπαρτιήτῃσι·</span> <span class='ocrx_word' id='word_1_14' title='bbox 759 321 848 378; x_wconf 88' lang='grc' dir='ltr'>καίτοι</span> <span class='ocrx_word' id='word_1_15' title='bbox 869 319 904 382; x_wconf 89' lang='grc' dir='ltr'>ῶς</span> <span class='ocrx_word' id='word_1_16' title='bbox 925 318 978 400; x_wconf 86' lang='grc' dir='ltr'>ἐγῶ</span> 
     </span>
     <span class='ocr_line' id='line_1_4' title="bbox 179 406 977 490; baseline 0 -24"><span class='ocrx_word' id='word_1_17' title='bbox 179 407 305 488; x_wconf 78' lang='grc' dir='ltr'>τυγχάνω</span> <span class='ocrx_word' id='word_1_18' title='bbox 326 407 361 467; x_wconf 80' lang='grc' dir='ltr'>τῶ</span> <span class='ocrx_word' id='word_1_19' title='bbox 380 411 428 468; x_wconf 85' lang='grc' dir='ltr'>νῦν</span> <span class='ocrx_word' id='word_1_20' title='bbox 446 407 511 468; x_wconf 89' lang='grc' dir='ltr'>τάδε</span> <span class='ocrx_word' id='word_1_21' title='bbox 530 409 670 490; x_wconf 89' lang='grc' dir='ltr'>ἐστοργῶς</span> <span class='ocrx_word' id='word_1_22' title='bbox 689 410 806 472; x_wconf 82' lang='grc' dir='ltr'>ἐκείνους</span> <span class='ocrx_word' id='word_1_23' title='bbox 826 407 908 472; x_wconf 79' lang='grc' dir='ltr'>αὐτός</span> <span class='ocrx_word' id='word_1_24' title='bbox 925 406 977 485; x_wconf 90' lang='grc' dir='ltr'>μά-</span> 
     </span>
     <span class='ocr_line' id='line_1_5' title="bbox 179 495 977 579; baseline 0.004 -27"><span class='ocrx_word' id='word_1_25' title='bbox 179 495 265 554; x_wconf 90' lang='grc' dir='ltr'>λιστα</span> <span class='ocrx_word' id='word_1_26' title='bbox 275 495 439 567; x_wconf 81' lang='grc' dir='ltr'>ἐξεπίστεαι,</span> <span class='ocrx_word' id='word_1_27' title='bbox 449 498 479 556; x_wconf 83' lang='grc' dir='ltr'>οἵ</span> <span class='ocrx_word' id='word_1_28' title='bbox 483 523 520 575; x_wconf 94' lang='grc' dir='ltr'>με</span> <span class='ocrx_word' id='word_1_29' title='bbox 529 497 613 574; x_wconf 90' lang='grc' dir='ltr'>τιμήν</span> <span class='ocrx_word' id='word_1_30' title='bbox 621 523 652 557; x_wconf 90' lang='grc' dir='ltr'>τε</span> <span class='ocrx_word' id='word_1_31' title='bbox 661 498 707 556; x_wconf 84' lang='grc' dir='ltr'>καὶ</span> <span class='ocrx_word' id='word_1_32' title='bbox 716 497 799 579; x_wconf 90' lang='grc' dir='ltr'>γέρεα</span> <span class='ocrx_word' id='word_1_33' title='bbox 809 495 977 573; x_wconf 85' lang='grc' dir='ltr'>άπελόμενοι</span> 
     </span>
     <span class='ocr_line' id='line_1_6' title="bbox 177 583 977 666; baseline 0.001 -25"><span class='ocrx_word' id='word_1_34' title='bbox 177 584 302 661; x_wconf 77' lang='grc' dir='ltr'>πατρώϊα</span> <span class='ocrx_word' id='word_1_35' title='bbox 313 584 414 644; x_wconf 83' lang='grc' dir='ltr'>ἄπολίν</span> <span class='ocrx_word' id='word_1_36' title='bbox 425 611 456 645; x_wconf 86' lang='grc' dir='ltr'>τε</span> <span class='ocrx_word' id='word_1_37' title='bbox 467 586 512 644; x_wconf 88' lang='grc' dir='ltr'>καὶ</span> <span class='ocrx_word' id='word_1_38' title='bbox 523 584 636 666; x_wconf 79' lang='grc' dir='ltr'>φυγάδα</span> <span class='ocrx_word' id='word_1_39' title='bbox 649 585 828 662; x_wconf 87' lang='grc' dir='ltr'>πεποιήκασι,</span> <span class='ocrx_word' id='word_1_40' title='bbox 839 584 931 661; x_wconf 78' lang='grc' dir='ltr'>πατήρ</span> <span class='ocrx_word' id='word_1_41' title='bbox 947 583 977 642; x_wconf 82' lang='grc' dir='ltr'>δὲ</span> 
     </span>
     <span class='ocr_line' id='line_1_7' title="bbox 178 667 978 751; baseline 0.004 -21"><span class='ocrx_word' id='word_1_42' title='bbox 178 671 229 735; x_wconf 83' lang='grc' dir='ltr'>σός</span> <span class='ocrx_word' id='word_1_43' title='bbox 241 667 445 750; x_wconf 82' lang='grc' dir='ltr'>ύποδεξάμενος</span> <span class='ocrx_word' id='word_1_44' title='bbox 454 674 521 749; x_wconf 84' lang='grc' dir='ltr'>βίον</span> <span class='ocrx_word' id='word_1_45' title='bbox 528 675 616 751; x_wconf 89' lang='grc' dir='ltr'>τέμοι</span> <span class='ocrx_word' id='word_1_46' title='bbox 624 675 670 734; x_wconf 86' lang='grc' dir='ltr'>καὶ</span> <span class='ocrx_word' id='word_1_47' title='bbox 681 676 757 735; x_wconf 85' lang='grc' dir='ltr'>οἶκον</span> <span class='ocrx_word' id='word_1_48' title='bbox 768 675 875 734; x_wconf 86' lang='grc' dir='ltr'>δέδωκε·</span> <span class='ocrx_word' id='word_1_49' title='bbox 891 671 978 734; x_wconf 81' lang='grc' dir='ltr'>οὔκων</span> 
     </span>
     <span class='ocr_line' id='line_1_8' title="bbox 178 759 978 840; baseline 0.003 -22"><span class='ocrx_word' id='word_1_50' title='bbox 178 759 252 823; x_wconf 84' lang='grc' dir='ltr'>οἰκός</span> <span class='ocrx_word' id='word_1_51' title='bbox 273 767 335 821; x_wconf 89' lang='grc' dir='ltr'>ἐστι</span> <span class='ocrx_word' id='word_1_52' title='bbox 357 761 443 838; x_wconf 78' lang='grc' dir='ltr'>ἄνδρα</span> <span class='ocrx_word' id='word_1_53' title='bbox 463 761 513 823; x_wconf 82' lang='grc' dir='ltr'>τόν</span> <span class='ocrx_word' id='word_1_54' title='bbox 531 761 667 840; x_wconf 84' lang='grc' dir='ltr'>σῶφρονα</span> <span class='ocrx_word' id='word_1_55' title='bbox 685 763 792 839; x_wconf 84' lang='grc' dir='ltr'>εύνοίην</span> <span class='ocrx_word' id='word_1_56' title='bbox 809 763 978 840; x_wconf 80' lang='grc' dir='ltr'>φαινομένην</span> 
     </span>
     <span class='ocr_line' id='line_1_9' title="bbox 179 846 977 932; baseline 0.003 -26"><span class='ocrx_word' id='word_1_57' title='bbox 179 846 349 918; x_wconf 71' lang='grc' dir='ltr'>διωθέεσθαι,</span> <span class='ocrx_word' id='word_1_58' title='bbox 371 848 448 908; x_wconf 75' lang='grc' dir='ltr'>άλλά</span> <span class='ocrx_word' id='word_1_59' title='bbox 468 850 596 930; x_wconf 80' lang='grc' dir='ltr'>στέργειν</span> <span class='ocrx_word' id='word_1_60' title='bbox 613 849 747 927; x_wconf 87' lang='grc' dir='ltr'>μάλιστα.</span> <span class='ocrx_word' id='word_1_61' title='bbox 791 851 844 932; x_wconf 86' lang='grc' dir='ltr'>ἐγῶ</span> <span class='ocrx_word' id='word_1_62' title='bbox 865 851 894 909; x_wconf 82' lang='grc' dir='ltr'>δὲ</span> <span class='ocrx_word' id='word_1_63' title='bbox 915 849 977 909; x_wconf 78' lang='grc' dir='ltr'>οὔτε</span> 
     </span>
     <span class='ocr_line' id='line_1_10' title="bbox 178 934 976 1016; baseline 0.004 -23"><span class='ocrx_word' id='word_1_64' title='bbox 178 934 244 994; x_wconf 87' lang='grc' dir='ltr'>δέκα</span> <span class='ocrx_word' id='word_1_65' title='bbox 265 935 384 1013; x_wconf 86' lang='grc' dir='ltr'>άνδράσι</span> <span class='ocrx_word' id='word_1_66' title='bbox 406 937 565 1015; x_wconf 73' lang='grc' dir='ltr'>ὑπίσχομαι</span> <span class='ocrx_word' id='word_1_67' title='bbox 589 937 646 1000; x_wconf 82' lang='grc' dir='ltr'>οἶός</span> <span class='ocrx_word' id='word_1_68' title='bbox 672 963 703 998; x_wconf 90' lang='grc' dir='ltr'>τε</span> <span class='ocrx_word' id='word_1_69' title='bbox 730 939 799 998; x_wconf 75' lang='grc' dir='ltr'>εἶναι</span> <span class='ocrx_word' id='word_1_70' title='bbox 825 937 976 1016; x_wconf 84' lang='grc' dir='ltr'>μάχεσθαι,</span> 
     </span>
     <span class='ocr_line' id='line_1_11' title="bbox 178 1021 976 1104; baseline 0.001 -22"><span class='ocrx_word' id='word_1_71' title='bbox 178 1021 243 1083; x_wconf 79' lang='grc' dir='ltr'>οὔτε</span> <span class='ocrx_word' id='word_1_72' title='bbox 256 1025 358 1083; x_wconf 83' lang='grc' dir='ltr'>δυοῖσι·</span> <span class='ocrx_word' id='word_1_73' title='bbox 379 1023 446 1084; x_wconf 85' lang='grc' dir='ltr'>ἐκάν</span> <span class='ocrx_word' id='word_1_74' title='bbox 459 1049 490 1084; x_wconf 91' lang='grc' dir='ltr'>τε</span> <span class='ocrx_word' id='word_1_75' title='bbox 504 1025 572 1085; x_wconf 78' lang='grc' dir='ltr'>εἶναι</span> <span class='ocrx_word' id='word_1_76' title='bbox 586 1023 642 1084; x_wconf 77' lang='grc' dir='ltr'>οὔδ’</span> <span class='ocrx_word' id='word_1_77' title='bbox 655 1023 689 1085; x_wconf 84' lang='grc' dir='ltr'>άν</span> <span class='ocrx_word' id='word_1_78' title='bbox 701 1024 931 1104; x_wconf 85' lang='grc' dir='ltr'>μουνομαχέοιμι·</span> <span class='ocrx_word' id='word_1_79' title='bbox 953 1029 976 1083; x_wconf 85' lang='grc' dir='ltr'>εἶ</span> 
     </span>
     <span class='ocr_line' id='line_1_12' title="bbox 179 1111 976 1195; baseline 0.003 -25"><span class='ocrx_word' id='word_1_80' title='bbox 179 1111 208 1170; x_wconf 81' lang='grc' dir='ltr'>δὲ</span> <span class='ocrx_word' id='word_1_81' title='bbox 232 1111 368 1193; x_wconf 72' lang='grc' dir='ltr'>ἀναγκαίη</span> <span class='ocrx_word' id='word_1_82' title='bbox 395 1114 436 1190; x_wconf 81' lang='grc' dir='ltr'>εἴη</span> <span class='ocrx_word' id='word_1_83' title='bbox 463 1111 481 1190; x_wconf 85' lang='grc' dir='ltr'><strong><em>ἢ</em></strong></span> <span class='ocrx_word' id='word_1_84' title='bbox 508 1113 596 1195; x_wconf 84' lang='grc' dir='ltr'>μέγας</span> <span class='ocrx_word' id='word_1_85' title='bbox 616 1139 657 1176; x_wconf 87' lang='grc' dir='ltr'>τις</span> <span class='ocrx_word' id='word_1_86' title='bbox 678 1113 694 1174; x_wconf 82' lang='grc' dir='ltr'>ὁ</span> <span class='ocrx_word' id='word_1_87' title='bbox 717 1113 870 1189; x_wconf 79' lang='grc' dir='ltr'>ἐποτρύνων</span> <span class='ocrx_word' id='word_1_88' title='bbox 894 1111 976 1193; x_wconf 86' lang='grc' dir='ltr'>άγῶν,</span> 
     </span>
     <span class='ocr_line' id='line_1_13' title="bbox 177 1199 976 1278; baseline 0 -20"><span class='ocrx_word' id='word_1_89' title='bbox 177 1200 321 1278; x_wconf 90' lang='grc' dir='ltr'>μαχοίμην</span> <span class='ocrx_word' id='word_1_90' title='bbox 335 1200 368 1261; x_wconf 81' lang='grc' dir='ltr'>ἂν</span> <span class='ocrx_word' id='word_1_91' title='bbox 381 1200 491 1262; x_wconf 90' lang='grc' dir='ltr'>πάντων</span> <span class='ocrx_word' id='word_1_92' title='bbox 508 1201 611 1278; x_wconf 87' lang='grc' dir='ltr'>ἥδιστα</span> <span class='ocrx_word' id='word_1_93' title='bbox 625 1202 664 1262; x_wconf 80' lang='grc' dir='ltr'>ἑνὶ</span> <span class='ocrx_word' id='word_1_94' title='bbox 676 1201 782 1262; x_wconf 91' lang='grc' dir='ltr'>τούτων</span> <span class='ocrx_word' id='word_1_95' title='bbox 795 1205 850 1260; x_wconf 91' lang='grc' dir='ltr'>τῶν</span> <span class='ocrx_word' id='word_1_96' title='bbox 863 1199 976 1277; x_wconf 76' lang='grc' dir='ltr'>ἀνδρῶν,</span> 
     </span>
     <span class='ocr_line' id='line_1_14' title="bbox 178 1287 978 1368; baseline 0 -22"><span class='ocrx_word' id='word_1_97' title='bbox 178 1288 205 1348; x_wconf 77' lang='grc' dir='ltr'>οἳ</span> <span class='ocrx_word' id='word_1_98' title='bbox 218 1287 363 1365; x_wconf 81' lang='grc' dir='ltr'>Ἑλλήνων</span> <span class='ocrx_word' id='word_1_99' title='bbox 380 1289 497 1354; x_wconf 81' lang='grc' dir='ltr'>ἔκαστός</span> <span class='ocrx_word' id='word_1_100' title='bbox 514 1296 588 1366; x_wconf 85' lang='grc' dir='ltr'>φησι</span> <span class='ocrx_word' id='word_1_101' title='bbox 606 1295 689 1368; x_wconf 81' lang='grc' dir='ltr'>τριῶν</span> <span class='ocrx_word' id='word_1_102' title='bbox 705 1289 781 1360; x_wconf 78' lang='grc' dir='ltr'>ἄξιος</span> <span class='ocrx_word' id='word_1_103' title='bbox 800 1289 878 1349; x_wconf 81' lang='grc' dir='ltr'>εἶναι·</span> <span class='ocrx_word' id='word_1_104' title='bbox 900 1287 934 1351; x_wconf 84' lang='grc' dir='ltr'>ῶς</span> <span class='ocrx_word' id='word_1_105' title='bbox 947 1287 978 1347; x_wconf 81' lang='grc' dir='ltr'>δὲ</span> 
     </span>
     <span class='ocr_line' id='line_1_15' title="bbox 178 1376 977 1458; baseline 0.005 -24"><span class='ocrx_word' id='word_1_106' title='bbox 178 1376 223 1435; x_wconf 84' lang='grc' dir='ltr'>καὶ</span> <span class='ocrx_word' id='word_1_107' title='bbox 233 1378 455 1456; x_wconf 87' lang='grc' dir='ltr'>Λακεδαιμόνιοι,</span> <span class='ocrx_word' id='word_1_108' title='bbox 467 1378 536 1438; x_wconf 81' lang='grc' dir='ltr'>κατά</span> <span class='ocrx_word' id='word_1_109' title='bbox 549 1381 600 1456; x_wconf 76' lang='grc' dir='ltr'>μὲν</span> <span class='ocrx_word' id='word_1_110' title='bbox 612 1379 658 1438; x_wconf 80' lang='grc' dir='ltr'>ἕνα</span> <span class='ocrx_word' id='word_1_111' title='bbox 670 1378 840 1458; x_wconf 89' lang='grc' dir='ltr'>μαχεάμενοι</span> <span class='ocrx_word' id='word_1_112' title='bbox 851 1376 977 1453; x_wconf 74' lang='grc' dir='ltr'>οὐδαμῶν</span> 
     </span>
     <span class='ocr_line' id='line_1_16' title="bbox 178 1464 949 1546; baseline 0 -22"><span class='ocrx_word' id='word_1_113' title='bbox 178 1469 233 1525; x_wconf 85' lang='grc' dir='ltr'>εἶσι</span> <span class='ocrx_word' id='word_1_114' title='bbox 247 1467 369 1529; x_wconf 89' lang='grc' dir='ltr'>κακίονες</span> <span class='ocrx_word' id='word_1_115' title='bbox 382 1465 495 1546; x_wconf 80' lang='grc' dir='ltr'>άγδρῶν,</span> <span class='ocrx_word' id='word_1_116' title='bbox 510 1466 590 1529; x_wconf 77' lang='grc' dir='ltr'>ἁλέες</span> <span class='ocrx_word' id='word_1_117' title='bbox 603 1467 633 1526; x_wconf 82' lang='grc' dir='ltr'>δὲ</span> <span class='ocrx_word' id='word_1_118' title='bbox 646 1465 758 1544; x_wconf 77' lang='grc' dir='ltr'>ἄριστοι</span> <span class='ocrx_word' id='word_1_119' title='bbox 771 1465 877 1544; x_wconf 74' lang='grc' dir='ltr'>ἀνδρῶν</span> <span class='ocrx_word' id='word_1_120' title='bbox 891 1464 949 1524; x_wconf 86' lang='grc' dir='ltr'>άπά</span> 
     </span>
     <span class='ocr_line' id='line_1_17' title="bbox 175 1553 974 1636; baseline 0 -24"><span class='ocrx_word' id='word_1_121' title='bbox 175 1579 239 1613; x_wconf 91' lang='grc' dir='ltr'>των·</span> <span class='ocrx_word' id='word_1_122' title='bbox 261 1553 401 1632; x_wconf 89' lang='grc' dir='ltr'>ἐλεύθεροι</span> <span class='ocrx_word' id='word_1_123' title='bbox 419 1554 473 1636; x_wconf 74' lang='grc' dir='ltr'>γάρ</span> <span class='ocrx_word' id='word_1_124' title='bbox 491 1555 581 1618; x_wconf 89' lang='grc' dir='ltr'>ἐόντες</span> <span class='ocrx_word' id='word_1_125' title='bbox 594 1553 626 1614; x_wconf 88' lang='grc' dir='ltr'>ού</span> <span class='ocrx_word' id='word_1_126' title='bbox 646 1555 737 1616; x_wconf 90' lang='grc' dir='ltr'>πάντα</span> <span class='ocrx_word' id='word_1_127' title='bbox 756 1553 899 1631; x_wconf 84' lang='grc' dir='ltr'>ἐλεύθεροί</span> <span class='ocrx_word' id='word_1_128' title='bbox 910 1557 974 1613; x_wconf 81' lang='grc' dir='ltr'>εἰσι·</span> 
     </span>
     <span class='ocr_line' id='line_1_18' title="bbox 177 1641 976 1724; baseline 0.003 -26"><span class='ocrx_word' id='word_1_129' title='bbox 177 1641 273 1702; x_wconf 84' lang='grc' dir='ltr'>ἔπεστι</span> <span class='ocrx_word' id='word_1_130' title='bbox 286 1641 341 1724; x_wconf 91' lang='grc' dir='ltr'>γάρ</span> <span class='ocrx_word' id='word_1_131' title='bbox 355 1649 410 1718; x_wconf 85' lang='grc' dir='ltr'>σφι</span> <span class='ocrx_word' id='word_1_132' title='bbox 424 1641 562 1720; x_wconf 86' lang='grc' dir='ltr'>δεσπότης</span> <span class='ocrx_word' id='word_1_133' title='bbox 575 1642 667 1720; x_wconf 86' lang='grc' dir='ltr'>νόμος,</span> <span class='ocrx_word' id='word_1_134' title='bbox 682 1644 731 1704; x_wconf 82' lang='grc' dir='ltr'>τόν</span> <span class='ocrx_word' id='word_1_135' title='bbox 749 1642 976 1718; x_wconf 82' lang='grc' dir='ltr'>ύποδειμαίνουσι</span> 
     </span>
     <span class='ocr_line' id='line_1_19' title="bbox 95 1726 976 1820; baseline 0.005 -34"><span class='ocrx_word' id='word_1_136' title='bbox 95 1726 127 1816; x_wconf 70' lang='grc'><em>3</em></span> <span class='ocrx_word' id='word_1_137' title='bbox 135 1733 161 1810; x_wconf 76' lang='lat'><em>0</em></span> <span class='ocrx_word' id='word_1_138' title='bbox 176 1733 276 1808; x_wconf 74' lang='grc' dir='ltr'>πολλῶ</span> <span class='ocrx_word' id='word_1_139' title='bbox 292 1731 330 1788; x_wconf 79' lang='grc' dir='ltr'>ἔτι</span> <span class='ocrx_word' id='word_1_140' title='bbox 346 1734 459 1807; x_wconf 77' lang='grc' dir='ltr'>μᾶλλον</span> <span class='ocrx_word' id='word_1_141' title='bbox 475 1730 493 1807; x_wconf 85' lang='grc' dir='ltr'>ἢ</span> <span class='ocrx_word' id='word_1_142' title='bbox 513 1734 539 1790; x_wconf 82' lang='grc' dir='ltr'>οἶ</span> <span class='ocrx_word' id='word_1_143' title='bbox 555 1732 602 1790; x_wconf 78' lang='grc' dir='ltr'>σοὶ</span> <span class='ocrx_word' id='word_1_144' title='bbox 622 1733 800 1820; x_wconf 68' lang='grc' dir='ltr'>σέΔητοιεῶσι</span> <span class='ocrx_word' id='word_1_145' title='bbox 818 1733 875 1811; x_wconf 94' lang='grc' dir='ltr'>γῶν</span> <span class='ocrx_word' id='word_1_146' title='bbox 892 1730 928 1790; x_wconf 81' lang='grc' dir='ltr'>τά</span> <span class='ocrx_word' id='word_1_147' title='bbox 941 1728 976 1790; x_wconf 78' lang='grc' dir='ltr'>ῶν</span> 
     </span>
     <span class='ocr_line' id='line_1_20' title="bbox 177 1817 976 1900; baseline 0.005 -27"><span class='ocrx_word' id='word_1_148' title='bbox 177 1820 277 1879; x_wconf 84' lang='grc' dir='ltr'>ἐκεῖνος</span> <span class='ocrx_word' id='word_1_149' title='bbox 287 1817 389 1898; x_wconf 83' lang='grc' dir='ltr'>όνῶγη·</span> <span class='ocrx_word' id='word_1_150' title='bbox 404 1817 504 1900; x_wconf 80' lang='grc' dir='ltr'>άνιύγει</span> <span class='ocrx_word' id='word_1_151' title='bbox 514 1819 543 1878; x_wconf 82' lang='grc' dir='ltr'>δὲ</span> <span class='ocrx_word' id='word_1_152' title='bbox 555 1819 643 1878; x_wconf 83' lang='grc' dir='ltr'>τῶυτό</span> <span class='ocrx_word' id='word_1_153' title='bbox 657 1821 718 1889; x_wconf 79' lang='grc' dir='ltr'>αἰεὶ,</span> <span class='ocrx_word' id='word_1_154' title='bbox 734 1818 783 1878; x_wconf 84' lang='grc' dir='ltr'>ούκ</span> <span class='ocrx_word' id='word_1_155' title='bbox 798 1823 848 1876; x_wconf 85' lang='grc' dir='ltr'>ἐῶν</span> <span class='ocrx_word' id='word_1_156' title='bbox 862 1817 976 1898; x_wconf 79' lang='grc' dir='ltr'>φεύγειν</span> 
     </span>
     <span class='ocr_line' id='line_1_21' title="bbox 177 1903 976 1984; baseline 0.008 -23"><span class='ocrx_word' id='word_1_157' title='bbox 177 1903 255 1962; x_wconf 82' lang='grc' dir='ltr'>ούδέν</span> <span class='ocrx_word' id='word_1_158' title='bbox 277 1906 386 1979; x_wconf 82' lang='grc' dir='ltr'>πλῆθος</span> <span class='ocrx_word' id='word_1_159' title='bbox 406 1904 556 1981; x_wconf 87' lang='grc' dir='ltr'>α’νθρῶπων</span> <span class='ocrx_word' id='word_1_160' title='bbox 577 1911 606 1964; x_wconf 88' lang='grc' dir='ltr'>ἐκ</span> <span class='ocrx_word' id='word_1_161' title='bbox 628 1906 729 1984; x_wconf 90' lang='grc' dir='ltr'>μάχης,</span> <span class='ocrx_word' id='word_1_162' title='bbox 751 1904 828 1964; x_wconf 78' lang='grc' dir='ltr'>οἷλλῶ</span> <span class='ocrx_word' id='word_1_163' title='bbox 843 1905 976 1980; x_wconf 86' lang='grc' dir='ltr'>μένοντας</span> 
     </span>
     <span class='ocr_line' id='line_1_22' title="bbox 178 1990 976 2068; baseline 0.004 -21"><span class='ocrx_word' id='word_1_164' title='bbox 178 1995 206 2049; x_wconf 85' lang='grc' dir='ltr'>ἐν</span> <span class='ocrx_word' id='word_1_165' title='bbox 228 1994 264 2068; x_wconf 77' lang='grc' dir='ltr'>τῇ</span> <span class='ocrx_word' id='word_1_166' title='bbox 286 1990 362 2060; x_wconf 82' lang='grc' dir='ltr'>τάξει</span> <span class='ocrx_word' id='word_1_167' title='bbox 384 1992 553 2068; x_wconf 84' lang='grc' dir='ltr'>ἐπικρατέειν</span> <span class='ocrx_word' id='word_1_168' title='bbox 573 1991 592 2067; x_wconf 81' lang='grc' dir='ltr'>ἦ</span> <span class='ocrx_word' id='word_1_169' title='bbox 617 1992 807 2051; x_wconf 73' lang='grc' dir='ltr'>ἀπόλλυσθαι.</span> <span class='ocrx_word' id='word_1_170' title='bbox 835 1992 884 2049; x_wconf 80' lang='grc' dir='ltr'>σοὶ</span> <span class='ocrx_word' id='word_1_171' title='bbox 906 1991 935 2048; x_wconf 83' lang='grc' dir='ltr'>δέ</span> <span class='ocrx_word' id='word_1_172' title='bbox 953 1995 976 2050; x_wconf 84' lang='grc' dir='ltr'>εί</span> 
     </span>
     <span class='ocr_line' id='line_1_23' title="bbox 178 2077 976 2158; baseline 0.004 -25"><span class='ocrx_word' id='word_1_173' title='bbox 178 2077 314 2152; x_wconf 89' lang='grc' dir='ltr'>φαίνομαι</span> <span class='ocrx_word' id='word_1_174' title='bbox 321 2082 409 2136; x_wconf 86' lang='grc' dir='ltr'>ταῦτα</span> <span class='ocrx_word' id='word_1_175' title='bbox 419 2077 510 2158; x_wconf 89' lang='grc' dir='ltr'>λέγων</span> <span class='ocrx_word' id='word_1_176' title='bbox 522 2078 681 2155; x_wconf 90' lang='grc' dir='ltr'>φλυηρέειν,</span> <span class='ocrx_word' id='word_1_177' title='bbox 690 2077 784 2138; x_wconf 79' lang='grc' dir='ltr'>πόλλα</span> <span class='ocrx_word' id='word_1_178' title='bbox 792 2082 877 2158; x_wconf 85' lang='grc' dir='ltr'>σιγᾶν</span> <span class='ocrx_word' id='word_1_179' title='bbox 888 2077 976 2138; x_wconf 87' lang='grc' dir='ltr'>ἐθέλω</span> 
     </span>
     <span class='ocr_line' id='line_1_24' title="bbox 177 2162 974 2247; baseline 0.006 -27"><span class='ocrx_word' id='word_1_180' title='bbox 177 2162 209 2222; x_wconf 78' lang='grc' dir='ltr'>τό</span> <span class='ocrx_word' id='word_1_181' title='bbox 222 2164 332 2235; x_wconf 81' lang='grc' dir='ltr'>λοιπόν,</span> <span class='ocrx_word' id='word_1_182' title='bbox 347 2169 394 2226; x_wconf 85' lang='grc' dir='ltr'>νῦν</span> <span class='ocrx_word' id='word_1_183' title='bbox 408 2165 438 2223; x_wconf 82' lang='grc' dir='ltr'>δὲ</span> <span class='ocrx_word' id='word_1_184' title='bbox 452 2165 639 2245; x_wconf 74' lang='grc' dir='ltr'>ἀναγκασθεὶς</span> <span class='ocrx_word' id='word_1_185' title='bbox 649 2166 740 2236; x_wconf 81' lang='grc' dir='ltr'>ἔλεξα·</span> <span class='ocrx_word' id='word_1_186' title='bbox 756 2165 866 2247; x_wconf 91' lang='grc' dir='ltr'>γένοιτο</span> <span class='ocrx_word' id='word_1_187' title='bbox 879 2166 974 2242; x_wconf 89' lang='grc' dir='ltr'>μέντοι</span> 
     </span>
     <span class='ocr_line' id='line_1_25' title="bbox 126 2250 557 2329; baseline 0.009 -21"><span class='ocrx_word' id='word_1_188' title='bbox 126 2272 132 2286; x_wconf 88' lang='grc'>·</span> <span class='ocrx_word' id='word_1_189' title='bbox 177 2250 247 2310; x_wconf 81' lang='grc' dir='ltr'>κατά</span> <span class='ocrx_word' id='word_1_190' title='bbox 261 2251 325 2312; x_wconf 92' lang='grc' dir='ltr'>νόον</span> <span class='ocrx_word' id='word_1_191' title='bbox 338 2279 389 2327; x_wconf 91' lang='grc' dir='ltr'>τοι,</span> <span class='ocrx_word' id='word_1_192' title='bbox 404 2251 557 2329; x_wconf 81' lang='grc' dir='ltr'>βασιλεῶ.”</span> 
     </span>
    </p>

    <p class='ocr_par' dir='ltr' id='par_1_2' title="bbox 172 2337 1022 3388">
     <span class='ocr_line' id='line_1_26' title="bbox 216 2337 1022 2422; baseline 0.002 -22"><span class='ocrx_word' id='word_1_193' title='bbox 216 2337 250 2400; x_wconf 81' lang='grc' dir='ltr'>Ὀ</span> <span class='ocrx_word' id='word_1_194' title='bbox 263 2342 315 2418; x_wconf 84' lang='grc' dir='ltr'>μέν</span> <span class='ocrx_word' id='word_1_195' title='bbox 329 2341 362 2418; x_wconf 81' lang='grc' dir='ltr'>δή</span> <span class='ocrx_word' id='word_1_196' title='bbox 376 2347 463 2402; x_wconf 79' lang='grc' dir='ltr'>ταῦτα</span> <span class='ocrx_word' id='word_1_197' title='bbox 477 2340 625 2420; x_wconf 78' lang='grc' dir='ltr'>ἀμείψατο·</span> <span class='ocrx_word' id='word_1_198' title='bbox 645 2341 751 2419; x_wconf 76' lang='grc' dir='ltr'>Ξέρξης</span> <span class='ocrx_word' id='word_1_199' title='bbox 763 2341 793 2400; x_wconf 80' lang='grc' dir='ltr'>δέ</span> <span class='ocrx_word' id='word_1_200' title='bbox 807 2346 834 2405; x_wconf 90' lang='grc' dir='ltr'>ἐς</span> <span class='ocrx_word' id='word_1_201' title='bbox 846 2341 955 2422; x_wconf 79' lang='grc' dir='ltr'>γέλωτά</span> <span class='ocrx_word' id='word_1_202' title='bbox 962 2345 1022 2404; x_wconf 72' lang='grc'>105</span> 
     </span>
     <span class='ocr_line' id='line_1_27' title="bbox 175 2429 975 2510; baseline 0.003 -22"><span class='ocrx_word' id='word_1_203' title='bbox 175 2455 206 2488; x_wconf 88' lang='grc' dir='ltr'>τε</span> <span class='ocrx_word' id='word_1_204' title='bbox 225 2431 329 2508; x_wconf 72' lang='grc' dir='ltr'>ἔτρεψε,</span> <span class='ocrx_word' id='word_1_205' title='bbox 348 2431 393 2490; x_wconf 84' lang='grc' dir='ltr'>καὶ</span> <span class='ocrx_word' id='word_1_206' title='bbox 411 2430 460 2490; x_wconf 85' lang='grc' dir='ltr'>ούκ</span> <span class='ocrx_word' id='word_1_207' title='bbox 478 2429 632 2507; x_wconf 89' lang='grc' dir='ltr'>ἐποιήσατο</span> <span class='ocrx_word' id='word_1_208' title='bbox 648 2430 735 2510; x_wconf 79' lang='grc' dir='ltr'>ὀργήν</span> <span class='ocrx_word' id='word_1_209' title='bbox 756 2429 893 2507; x_wconf 87' lang='grc' dir='ltr'>ούδεμίαν,</span> <span class='ocrx_word' id='word_1_210' title='bbox 910 2430 975 2490; x_wconf 76' lang='grc' dir='ltr'>ἀλλ’</span> 
     </span>
     <span class='ocr_line' id='line_1_28' title="bbox 174 2515 975 2599; baseline 0.005 -24"><span class='ocrx_word' id='word_1_211' title='bbox 174 2515 262 2592; x_wconf 85' lang='grc' dir='ltr'>η’πίως</span> <span class='ocrx_word' id='word_1_212' title='bbox 275 2517 358 2578; x_wconf 82' lang='grc' dir='ltr'>αύτὸν</span> <span class='ocrx_word' id='word_1_213' title='bbox 369 2519 565 2598; x_wconf 73' lang='grc' dir='ltr'>ἀπεπέμψατο.</span> <span class='ocrx_word' id='word_1_214' title='bbox 592 2518 679 2598; x_wconf 81' lang='grc' dir='ltr'>τούτῳ</span> <span class='ocrx_word' id='word_1_215' title='bbox 690 2519 719 2578; x_wconf 85' lang='grc' dir='ltr'>δέ</span> <span class='ocrx_word' id='word_1_216' title='bbox 733 2523 760 2581; x_wconf 86' lang='grc' dir='ltr'>ἐς</span> <span class='ocrx_word' id='word_1_217' title='bbox 773 2518 876 2599; x_wconf 92' lang='grc' dir='ltr'>λόγους</span> <span class='ocrx_word' id='word_1_218' title='bbox 887 2519 975 2579; x_wconf 89' lang='grc' dir='ltr'>ἐλθῶν</span> 
     </span>
     <span class='ocr_line' id='line_1_29' title="bbox 175 2605 974 2687; baseline 0 -21"><span class='ocrx_word' id='word_1_219' title='bbox 175 2605 287 2681; x_wconf 72' lang='grc' dir='ltr'>Ξέρξης,</span> <span class='ocrx_word' id='word_1_220' title='bbox 310 2608 356 2666; x_wconf 85' lang='grc' dir='ltr'>καὶ</span> <span class='ocrx_word' id='word_1_221' title='bbox 378 2607 504 2687; x_wconf 81' lang='grc' dir='ltr'>ὕπαρχον</span> <span class='ocrx_word' id='word_1_222' title='bbox 526 2611 554 2666; x_wconf 92' lang='grc' dir='ltr'>ἐν</span> <span class='ocrx_word' id='word_1_223' title='bbox 575 2611 613 2686; x_wconf 79' lang='grc' dir='ltr'>τῷ</span> <span class='ocrx_word' id='word_1_224' title='bbox 635 2608 764 2687; x_wconf 79' lang='grc' dir='ltr'>Δορίσκῳ</span> <span class='ocrx_word' id='word_1_225' title='bbox 785 2607 872 2687; x_wconf 83' lang='grc' dir='ltr'>τούτῳ</span> <span class='ocrx_word' id='word_1_226' title='bbox 893 2633 974 2667; x_wconf 88' lang='grc' dir='ltr'>κατα-</span> 
     </span>
     <span class='ocr_line' id='line_1_30' title="bbox 175 2691 975 2776; baseline 0.006 -26"><span class='ocrx_word' id='word_1_227' title='bbox 175 2691 285 2767; x_wconf 88' lang='grc' dir='ltr'>στήσας</span> <span class='ocrx_word' id='word_1_228' title='bbox 309 2695 473 2772; x_wconf 89' lang='grc' dir='ltr'>Μασκάμην</span> <span class='ocrx_word' id='word_1_229' title='bbox 496 2695 546 2755; x_wconf 82' lang='grc' dir='ltr'>τόν</span> <span class='ocrx_word' id='word_1_230' title='bbox 569 2694 767 2776; x_wconf 85' lang='grc' dir='ltr'>Μεγαδόστεω,</span> <span class='ocrx_word' id='word_1_231' title='bbox 791 2695 840 2755; x_wconf 78' lang='grc' dir='ltr'>τόν</span> <span class='ocrx_word' id='word_1_232' title='bbox 864 2695 894 2753; x_wconf 84' lang='grc' dir='ltr'>δὲ</span> <span class='ocrx_word' id='word_1_233' title='bbox 920 2694 975 2755; x_wconf 80' lang='grc' dir='ltr'>ύπό</span> 
     </span>
     <span class='ocr_line' id='line_1_31' title="bbox 175 2781 973 2859; baseline 0.008 -23"><span class='ocrx_word' id='word_1_234' title='bbox 175 2781 296 2856; x_wconf 89' lang='grc' dir='ltr'>Δαρείου</span> <span class='ocrx_word' id='word_1_235' title='bbox 314 2782 453 2842; x_wconf 87' lang='grc' dir='ltr'>σταθέντα</span> <span class='ocrx_word' id='word_1_236' title='bbox 472 2784 660 2853; x_wconf 78' lang='grc' dir='ltr'>καταπαύσας,</span> <span class='ocrx_word' id='word_1_237' title='bbox 676 2781 809 2859; x_wconf 69' lang='grc' dir='ltr'>ἐξήλαυνε</span> <span class='ocrx_word' id='word_1_238' title='bbox 826 2782 876 2842; x_wconf 78' lang='grc' dir='ltr'>τόν</span> <span class='ocrx_word' id='word_1_239' title='bbox 891 2809 973 2859; x_wconf 88' lang='grc' dir='ltr'>στρα-</span> 
     </span>
     <span class='ocr_line' id='line_1_32' title="bbox 174 2866 1021 2946; baseline 0.004 -20"><span class='ocrx_word' id='word_1_240' title='bbox 174 2866 224 2926; x_wconf 83' lang='grc' dir='ltr'>τόν</span> <span class='ocrx_word' id='word_1_241' title='bbox 237 2866 283 2926; x_wconf 84' lang='grc' dir='ltr'>διά</span> <span class='ocrx_word' id='word_1_242' title='bbox 300 2873 349 2943; x_wconf 83' lang='grc' dir='ltr'>τῆς</span> <span class='ocrx_word' id='word_1_243' title='bbox 366 2871 487 2946; x_wconf 75' lang='grc' dir='ltr'>Θρηίκης</span> <span class='ocrx_word' id='word_1_244' title='bbox 504 2872 549 2929; x_wconf 85' lang='grc' dir='ltr'>ἐπὶ</span> <span class='ocrx_word' id='word_1_245' title='bbox 564 2871 616 2946; x_wconf 81' lang='grc' dir='ltr'>τήν</span> <span class='ocrx_word' id='word_1_246' title='bbox 634 2869 769 2930; x_wconf 85' lang='grc' dir='ltr'>Ἑλλάδα.</span> <span class='ocrx_word' id='word_1_247' title='bbox 812 2871 955 2930; x_wconf 84' lang='grc' dir='ltr'>Κατέλιπε</span> <span class='ocrx_word' id='word_1_248' title='bbox 965 2873 1021 2929; x_wconf 87' lang='grc'>106</span> 
     </span>
     <span class='ocr_line' id='line_1_33' title="bbox 174 2953 974 3039; baseline 0.008 -27"><span class='ocrx_word' id='word_1_249' title='bbox 174 2955 204 3014; x_wconf 79' lang='grc' dir='ltr'>δὲ</span> <span class='ocrx_word' id='word_1_250' title='bbox 225 2953 312 3032; x_wconf 78' lang='grc' dir='ltr'>ἄνδρα</span> <span class='ocrx_word' id='word_1_251' title='bbox 331 2956 437 3016; x_wconf 89' lang='grc' dir='ltr'>τοιάνδε</span> <span class='ocrx_word' id='word_1_252' title='bbox 462 2958 626 3036; x_wconf 89' lang='grc' dir='ltr'>Μασκάμην</span> <span class='ocrx_word' id='word_1_253' title='bbox 649 2959 805 3039; x_wconf 90' lang='grc' dir='ltr'>γενόμενον,</span> <span class='ocrx_word' id='word_1_254' title='bbox 826 2963 864 3035; x_wconf 81' lang='grc' dir='ltr'>τῷ</span> <span class='ocrx_word' id='word_1_255' title='bbox 883 2958 974 3036; x_wconf 82' lang='grc' dir='ltr'>μούνῳ</span> 
     </span>
     <span class='ocr_line' id='line_1_34' title="bbox 175 3041 975 3122; baseline 0 -20"><span class='ocrx_word' id='word_1_256' title='bbox 175 3043 280 3118; x_wconf 73' lang='grc' dir='ltr'>Ξέρξης</span> <span class='ocrx_word' id='word_1_257' title='bbox 291 3041 363 3120; x_wconf 86' lang='grc' dir='ltr'>δῶρα</span> <span class='ocrx_word' id='word_1_258' title='bbox 374 3043 527 3120; x_wconf 90' lang='grc' dir='ltr'>πέμπεσκε,</span> <span class='ocrx_word' id='word_1_259' title='bbox 541 3045 576 3108; x_wconf 87' lang='grc' dir='ltr'>ῶς</span> <span class='ocrx_word' id='word_1_260' title='bbox 589 3045 763 3122; x_wconf 76' lang='grc' dir='ltr'>ἀριστεύοντι</span> <span class='ocrx_word' id='word_1_261' title='bbox 773 3045 881 3104; x_wconf 90' lang='grc' dir='ltr'>πάντων</span> <span class='ocrx_word' id='word_1_262' title='bbox 892 3043 975 3108; x_wconf 81' lang='grc' dir='ltr'>ὅσους</span> 
     </span>
     <span class='ocr_line' id='line_1_35' title="bbox 174 3129 975 3212; baseline -0.001 -22"><span class='ocrx_word' id='word_1_263' title='bbox 174 3132 333 3205; x_wconf 71' lang='grc' dir='ltr'>κατέστησε</span> <span class='ocrx_word' id='word_1_264' title='bbox 351 3129 433 3194; x_wconf 80' lang='grc' dir='ltr'>αύτός</span> <span class='ocrx_word' id='word_1_265' title='bbox 449 3129 466 3208; x_wconf 79' lang='grc' dir='ltr'><strong><em>ἢ</em></strong></span> <span class='ocrx_word' id='word_1_266' title='bbox 482 3138 599 3210; x_wconf 83' lang='grc' dir='ltr'>Δαρεῖος</span> <span class='ocrx_word' id='word_1_267' title='bbox 613 3133 764 3212; x_wconf 68' lang='grc' dir='ltr'>ὑπάρχους·</span> <span class='ocrx_word' id='word_1_268' title='bbox 785 3133 930 3206; x_wconf 90' lang='grc' dir='ltr'>πέμπεσκε</span> <span class='ocrx_word' id='word_1_269' title='bbox 946 3131 975 3190; x_wconf 81' lang='grc' dir='ltr'>δέ</span> 
     </span>
     <span class='ocr_line' id='line_1_36' title="bbox 173 3217 975 3298; baseline -0.001 -20"><span class='ocrx_word' id='word_1_270' title='bbox 173 3219 225 3280; x_wconf 83' lang='grc' dir='ltr'>α’νῶ</span> <span class='ocrx_word' id='word_1_271' title='bbox 239 3222 296 3278; x_wconf 82' lang='grc' dir='ltr'>πῶν</span> <span class='ocrx_word' id='word_1_272' title='bbox 310 3219 379 3284; x_wconf 80' lang='grc' dir='ltr'>ἔτος·</span> <span class='ocrx_word' id='word_1_273' title='bbox 401 3217 437 3283; x_wconf 90' lang='grc' dir='ltr'>ῶς</span> <span class='ocrx_word' id='word_1_274' title='bbox 450 3220 479 3279; x_wconf 75' lang='grc' dir='ltr'>δὲ</span> <span class='ocrx_word' id='word_1_275' title='bbox 494 3223 540 3280; x_wconf 86' lang='grc' dir='ltr'>καὶ</span> <span class='ocrx_word' id='word_1_276' title='bbox 552 3220 737 3298; x_wconf 75' lang='grc' dir='ltr'>Ἀρταξέρξης</span> <span class='ocrx_word' id='word_1_277' title='bbox 750 3218 766 3278; x_wconf 86' lang='grc' dir='ltr'>ὁ</span> <span class='ocrx_word' id='word_1_278' title='bbox 779 3217 886 3294; x_wconf 78' lang='grc' dir='ltr'>Ξέρξεω</span> <span class='ocrx_word' id='word_1_279' title='bbox 899 3221 975 3277; x_wconf 82' lang='grc' dir='ltr'>τοῖσι</span> 
     </span>
     <span class='ocr_line' id='line_1_37' title="bbox 172 3304 975 3388; baseline -0.002 -21"><span class='ocrx_word' id='word_1_280' title='bbox 172 3307 388 3386; x_wconf 89' lang='grc' dir='ltr'>Μασκαμείοισι</span> <span class='ocrx_word' id='word_1_281' title='bbox 404 3307 554 3388; x_wconf 72' lang='grc' dir='ltr'>ἐκγόνοισι.</span> <span class='ocrx_word' id='word_1_282' title='bbox 589 3306 767 3368; x_wconf 85' lang='grc' dir='ltr'>κατέστασαν</span> <span class='ocrx_word' id='word_1_283' title='bbox 782 3304 837 3386; x_wconf 78' lang='grc' dir='ltr'>γάρ</span> <span class='ocrx_word' id='word_1_284' title='bbox 852 3305 891 3364; x_wconf 78' lang='grc' dir='ltr'>ἔτι</span> <span class='ocrx_word' id='word_1_285' title='bbox 907 3304 975 3384; x_wconf 90' lang='grc' dir='ltr'>πρό-</span> 
     </span>
    </p>
   </div>
   <div class='ocr_carea' id='block_1_2' title="bbox 0 0 1152 3430">
    <p class='ocr_par' dir='ltr' id='par_1_3' title="bbox 0 0 1152 3430">
     <span class='ocr_line' id='line_1_38' title="bbox 0 0 1152 3430; baseline 0 1"><span class='ocrx_word' id='word_1_286' title='bbox 0 0 1152 3430; x_wconf 95' lang='lat' dir='ltr'> </span> 
     </span>
    </p>
   </div>
  </div>
 </body>
</html>
