2240 3424
158 89 267 156 ιι-ιι]
458 89 648 141 Κιαιιοιια.
913 94 958 145 ιω

157 172 263 232 πολλοὶ
287 168 522 231 ἀπαλλάσσοντο·
552 175 579 234 ἐς
599 172 651 247 μὲν
672 167 722 230 τόν
742 171 835 250 χαῖρον
855 172 884 234 ἐς
909 169 958 231 τόν

157 260 299 320 συνέκειτο
317 258 367 318 οῦκ
386 263 415 318 ἐν
432 257 485 338 νόῳ
504 259 621 337 ἔχοντες,
635 260 662 316 οἱ
675 258 713 327 δὲ,
727 257 762 320 (ῦς
781 257 956 334 ἐκινήθησαν,

159 348 278 427 ἔφευγον
304 345 421 422 ἅσμενοι
447 347 499 421 τήν
522 347 606 406 ἵππον
629 344 700 423 πρός
718 345 770 421 τήν
793 347 956 407 Πλαταιέων

158 433 251 504 πόλιν,
267 434 416 514 φεύγοντες
431 433 461 492 δὲ
479 433 655 494 ἀπικνέονται
671 434 717 492 ἐπὶ
734 433 767 493 τό
780 432 906 510 Ἡραῖον·
925 435 957 495 τό

159 521 190 580 δὲ
207 522 262 599 πρό
280 526 330 598 τῆς
347 521 447 584 πόλιός
461 526 523 582 ἐστι
535 525 586 597 τῆς
600 522 773 592 Πλαταιέων,
789 523 878 581 εἴκοσι
891 548 959 582 στα-

160 608 234 672 δίους
246 608 302 668 ἀπό
315 614 365 685 τῆς
380 609 481 686 κρήνης
492 615 543 685 τῆς
556 612 719 690 Γαργαφίης
732 609 847 689 ἀπέχον·
864 608 959 669 ἀπικό-

159 721 238 773 μενοι
256 697 286 755 δὲ
305 698 397 757 ἔθεντο
415 697 470 775 πρό
483 702 533 757 τοῦ
548 701 608 774 ἱροῦ
621 697 657 756 τιῖ
672 696 754 758 ὅπλα
798 698 857 757 Καὶ
870 701 897 756 οἱ
909 699 960 775 μὲν
967 699 1007 757 53

159 785 222 860 περὶ
242 784 274 844 τῦ
294 784 411 863 Ἡραῖον
439 785 715 862 ἐστρατοπεδεύοντο·
743 787 907 862 Παυσανίης
930 786 959 844 δὲ

160 870 244 949 ἀρέων
257 874 349 948 σφέας
362 872 637 950 ἀπαλλασσομένους
651 878 680 932 ἐκ
693 877 743 934 τοῦ
760 875 959 951 στρατοπέδου,

159 959 340 1040 παρήγγελλε
354 962 399 1019 καῖ
412 966 489 1021 τοῖσι
498 961 751 1038 Λακεδαιμονίοισι,
766 961 960 1037 ἀναλαβόντας

159 1046 196 1106 τό
222 1047 297 1106 ὅπλα
325 1049 392 1107 ἱέναι
420 1049 489 1109 καταὶ
509 1049 574 1112 τοῦς
594 1047 700 1112 ἄλλους
719 1049 783 1113 τοῦς
804 1049 959 1127 προϊόντας·

160 1135 278 1210 νομίσας
296 1136 394 1200 αύτοῦς
416 1143 443 1201 ἐς
461 1137 511 1197 τόν
532 1143 624 1217 χαῖρον
646 1139 714 1197 ἰέναι
732 1143 759 1200 ἐς
777 1137 826 1198 τόν
844 1136 959 1214 συνεθή3

161 1247 253 1281 καντο·
269 1225 385 1284 ἐνθαῦτα
395 1228 422 1284 οἱ
431 1227 482 1301 μὲν
496 1225 582 1284 ἄλλοι
595 1225 685 1302 ἀρτιοι
697 1225 772 1301 ἦσαν
785 1230 840 1286 τῶν
849 1227 959 1303 ταξιαρ-

159 1310 231 1388 χέων
244 1312 390 1372 πείθεσθαι
409 1315 567 1392 Παυσανίη·
588 1312 803 1391 Ἀμομφάρετος
819 1315 848 1373 δὲ
866 1314 882 1373 ό
901 1320 959 1374 Πο-

160 1398 269 1470 λιάδεω,
288 1401 431 1481 λοχηγέων
447 1405 497 1460 τοῦ
515 1402 691 1478 Πιτανητέων
711 1403 809 1482 λόχου,
831 1401 881 1462 οῦκ
902 1404 957 1478 ἐφη

101 1506 102 1509 ’
160 1486 224 1548 τοῦς
244 1488 347 1556 ξείνους
367 1487 528 1563 φεύξεσθαι,
543 1488 605 1549 οῦδὲ
627 1490 694 1550 ἐκαῖν
715 1491 784 1550 εἶναι
805 1492 959 1570 αἰσχυνέειν

160 1573 212 1649 τήν
226 1574 365 1652 Σπάρτην·
387 1575 511 1653 ἐθώμαζέ
529 1603 558 1636 τε
577 1577 662 1655 ὁρέων
678 1578 711 1638 τό
727 1578 897 1656 ποιεύμενον,
912 1577 959 1638 ἅτε

161 1660 193 1721 ού
206 1663 427 1744 παραγενόμενος
436 1668 474 1743 τῷ
483 1667 608 1746 προτέρῳ
622 1666 707 1747 λόγῳ·
722 1666 738 1726 ό
752 1667 782 1726 δὲ
796 1667 960 1743 Παυσανίης

159 1776 190 1810 τε
201 1750 246 1810 καῖ
260 1751 275 1811 ὁ
289 1750 435 1829 Εῦρυάναξ
444 1753 532 1813 δεινόν
541 1757 594 1830 μὲν
604 1759 745 1821 ἐποιεῦντο
753 1755 786 1814 τό
797 1755 837 1832 μή
848 1757 897 1814 πεί
914 1781 959 1814 εσ-

161 1840 208 1898 θαι
229 1843 331 1899 ἐκεῖνον
354 1841 450 1915 σφίσι,
473 1841 624 1919 δεινότερον
646 1843 675 1902 δὲ
697 1844 744 1914 ἐτι,
762 1844 852 1903 κείνου
872 1848 960 1904 ταῦτα

160 1927 318 2004 νενωμένου,
346 1927 495 1988 ἀπολιπεῖν
520 1929 569 1989 τόν
598 1931 687 2010 λόχον
713 1930 763 1990 τόν
790 1931 958 2007 Πιτανήτην,

159 2013 209 2089 μή,
229 2013 263 2089 ἢν
285 2014 447 2074 ἀπολίπωσι
462 2021 602 2082 ποιεῦντες
619 2018 655 2078 τά
674 2017 862 2094 συνεθήκαντο
883 2021 959 2078 τοῖσι

160 2100 277 2161 ἄλλοισι
298 2102 433 2179 Ἕλλησι,
458 2102 599 2179 ἀπόληται
618 2105 800 2183 ῦπολειφθεῖς
824 2105 906 2170 αύτός
928 2133 959 2166 τε

159 2187 374 2267 Ἀμομφάρετος
388 2191 434 2250 καὶ
448 2194 474 2249 οῖ
486 2190 545 2266 μετ’
560 2192 654 2252 αὐτοῦ·
675 2199 764 2254 ταῦτα
783 2194 959 2276 λογιζόμενοι

160 2274 281 2354 ἀτρέμας
308 2278 384 2357 εἶχον
403 2278 436 2338 τό
457 2277 648 2354 στρατόπεδον
667 2282 700 2342 τό
721 2282 889 2353 Λακωνικόν,
914 2283 959 2340 καὶ

161 2367 307 2442 ἐπειρῶντο
333 2366 475 2430 πείθοντές
497 2391 547 2444 μιν
573 2366 609 2431 αῖς
635 2368 667 2428 ού
693 2369 777 2449 χρεόν
805 2371 846 2448 εἴη
870 2374 958 2448 ταῦτα

160 2453 272 2515 ποιέειν.
593 2473 595 2476 ’

201 2541 258 2600 Καὶ
285 2545 311 2601 οῖ
336 2546 387 2620 μὲν
411 2544 586 2626 παρηγόρεον
605 2545 832 2626 Ἀμομφάρετον,
855 2544 1007 2625 μοῦνον54

160 2628 382 2706 Λακεδαιμονίων
392 2658 423 2692 τε
436 2634 482 2692 καὶ
495 2635 651 2714 Τεγεητέων
663 2636 856 2713 λελειμμένον.
877 2634 958 2710 Ἀθη-

161 2718 233 2774 ναῖοι
246 2716 274 2774 δέ
288 2718 396 2779 ἐποίευν
408 2719 511 2780 τοιάδε·
533 2721 609 2799 εἶχον
620 2721 740 2798 ἀτρέμας
753 2723 846 2798 σφέας
859 2721 959 2783 αὐτοῦς

162 2801 205 2861 ἵνα
223 2803 390 2884 ἐτάχθησαν,
406 2808 585 2885 ἐπιστάμενοι
600 2809 636 2868 τό
652 2810 876 2886 Λακεδαιμονίων
889 2815 958 2884 φρο-

160 2889 276 2967 νήματα,
300 2893 335 2956 οῖς
356 2893 433 2952 ἀλλα
455 2895 627 2972 φρονεόντων
649 2898 695 2955 καὶ
716 2897 793 2956 ἄλλα
811 2894 958 2975 λεγόντων·

160 2977 196 3042 οῖς
223 2980 252 3038 δέ
280 2981 392 3058 ἐκινήθη
422 2983 455 3042 τό
483 2984 680 3062 στρατόπεδον,
709 2985 832 3060 ἔπεμπον
862 2983 958 3057 σφέων

161 3068 247 3126 ἱππέα
271 3067 410 3148 ὀψόμενόν
432 3097 464 3130 τε
486 3077 510 3131 εἰ
533 3071 701 3150 πορεύεσθαι
728 3071 905 3150 ἐπιχειρέοιεν
932 3073 958 3130 οῖ

160 3155 342 3236 Σπαρτιῆται,
366 3159 421 3220 εἴτε
444 3160 491 3219 καῖ
513 3160 547 3220 τῦ
569 3160 703 3238 παράπαν
725 3158 766 3238 μή
790 3159 959 3219 διανοεῦνται

160 3242 413 3312 ἀπαλλάσσεσθαι·
434 3247 596 3326 ἐπείρεσθαί
606 3241 637 3308 τέ
650 3247 817 3328 Παυσανίην
829 3246 862 3308 τό
874 3241 958 3328 χρειῖῦ
