2294 3430
170 95 217 144 1³2
475 93 658 143 ἨΡΟΔΟΤΟΤ
753 91 756 100 ’
884 94 964 158 [VII.

166 197 224 233 νον·
245 173 272 231 οἳ
293 172 439 248 διαβάντες
457 177 485 235 ἐς
500 171 552 246 τήν
564 170 702 249 Εὐρώπην
715 173 786 232 κατά
805 172 965 251 Βόσπορον,

166 259 230 323 τοός
243 286 274 319 τε
287 259 409 336 Θρήϊκας
422 261 646 337 κατεστρέψαντο
659 259 765 323 πάντας
783 260 829 318 καὶ
850 262 896 319 ἐπὶ
915 261 966 322 τόν

165 345 265 407 Ἰόνιον
282 345 385 406 πόντον
404 348 575 423 κατέβησαν,
589 347 673 426 μέχρι
692 373 723 406 τε
739 352 860 423 Πηνειοῦ
879 375 965 408 ποτα-

119 435 221 510 21μοῦ
238 437 289 494 τοῦ
306 433 377 511 πρός
397 434 578 510 μεσαμβρίης
596 432 718 509 ήλασαν.
754 431 843 494 Αἷπαι
863 438 893 494 αἱ
912 439 965 496 τᾶ-

166 546 224 591 σαι,
237 521 282 580 καὶ
296 520 352 580 οὐδ’
366 526 389 580 εἰ
403 522 493 598 ἕτεραι
505 521 575 597 πρός
588 520 708 598 ταύτῃσι
720 521 865 601 γενόμεναι
879 548 964 599 στρα-

165 610 309 683 τηλασίαι,
323 612 389 685 μιῆς
408 607 496 685 τῆσδε
517 607 566 668 οὐκ
579 609 663 676 ἄξιαι.
705 609 735 666 τί
745 609 800 688 γάρ
813 609 862 668 οὐκ
875 609 965 691 ήγαγε

166 700 196 754 ἐκ
209 700 260 772 τῆς
278 696 378 773 Ἀσίης
391 697 467 759 ἐθνος
481 695 526 756 ἐπὶ
539 695 591 771 τήν
603 695 730 754 Ἑλλάδα
744 697 865 773 Ξέρξης;
887 701 965 760 κοῖον

165 783 196 842 δέ
208 783 355 862 πινόμενόν
367 809 416 860 μιν
428 783 500 860 ὕδωρ
518 782 567 843 οὐκ
585 784 709 854 ἐπέλιπε,
723 783 800 859 πλήν
812 788 867 844 τῶν
879 786 963 865 μεγά-

165 874 222 932 λων
243 877 391 949 ποταμῶν;
414 875 441 932 οἱ
460 874 512 949 μὲν
532 872 587 953 γάρ
608 872 671 935 νέας
691 871 867 951 παρείχοντο,
887 875 913 932 οἱ
933 873 963 932 δὲ

166 965 193 1024 ἐς
213 960 297 1032 πεζόν
311 960 468 1040 ἐτετάχατο·
486 964 567 1020 τοῖσι
590 960 620 1019 δὲ
645 961 729 1023 ἵππος
747 962 962 1037 προσετέτακτο,

164 1052 241 1108 τοῖσι
270 1049 300 1108 δὲ
331 1048 480 1129 ἱππαγωγοὶ
505 1052 594 1107 πλοῖα
621 1047 679 1124 ἅμα
706 1049 962 1126 στρατευομένοισι·

164 1140 242 1196 τοῖσι
254 1137 284 1195 δὲ
297 1141 324 1200 ἐς
336 1136 386 1198 τάς
398 1135 522 1216 γεφύρας
534 1134 643 1212 μακράς
656 1136 718 1198 νέας
733 1138 873 1214 παρέχειν,
886 1141 962 1196 τοῖσι

165 1223 195 1282 δὲ
215 1223 282 1284 σῖτά
301 1249 332 1284 τε
352 1223 398 1282 καὶ
418 1223 489 1286 νέας.

117 1314 156 1370 22
206 1313 263 1370 Καὶ
282 1314 365 1371 τοῦτο
378 1313 438 1386 μὲν,
452 1309 487 1373 οἷς
499 1309 753 1386 προσπταισάντων
772 1315 827 1370 τῶν
846 1311 962 1388 πράτων

164 1397 369 1476 περιπλεόντων
396 1398 459 1473 περὶ
485 1397 534 1457 τόν
555 1396 658 1466 Ἀθων,
686 1397 901 1474 προετοιμάζετο
931 1405 961 1458 ἐκ

163 1489 246 1562 τριῶν
273 1485 352 1544 ἐτέων
378 1509 428 1543 κου
453 1482 581 1559 μάλιστα
605 1489 632 1548 ἐς
654 1484 704 1544 τόν
721 1482 828 1546 Ἄθων·
856 1491 885 1546 ἐν
906 1487 960 1568 γάρ

164 1571 323 1631 Ἐλαιοῦντι
345 1575 396 1646 τῆς
418 1571 604 1647 Χερσονήσου
629 1571 734 1648 ὥρμεον
757 1572 890 1649 τριήρεες·
920 1579 958 1633 ἐν·
1009 1647 1011 1650 Ι

165 1661 259 1720 θεῦτεν
273 1659 302 1718 δέ
315 1657 491 1736 ὁρμεάμενοι,
507 1657 635 1735 ὤρυσσον
653 1659 708 1719 όπό
728 1661 873 1740 μαστίγων
892 1687 958 1722 παν-

162 1747 280 1808 τοδαποὶ
300 1750 350 1822 τῆς
363 1751 504 1822 στρατιῆς·
526 1746 650 1824 διάδοχοι
666 1745 689 1805 δ’
704 1747 830 1822 ἐφοίτων.
873 1747 960 1824 ὤρυσ-

164 1855 218 1894 σον
231 1835 260 1894 δὲ
274 1834 319 1894 κοῖ
333 1837 359 1894 ot
372 1833 435 1910 περὶ
447 1833 496 1894 τόν
505 1833 598 1894 Ἀθων
611 1835 812 1911 κατοικημένοι.
847 1836 959 1910 Βουβά-

161 1949 212 2001 ρης
233 1923 263 1982 δέ
283 1922 299 1983 ά
321 1921 503 2003 Μεγαβάζου,
526 1922 572 1980 καὶ
592 1920 761 2000 Ἀρταχαίης
784 1921 800 1980 ὁ
821 1921 958 1999 Ἀρταίου,

162 2009 257 2087 ἄνδρες
265 2011 385 2088 Πέρσαι,
398 2009 566 2070 ἐπεστάτεον
579 2013 629 2069 τοῦ
644 2009 734 2090 ἔργου.
776 2008 792 2070 ὁ
804 2009 859 2089 γάρ
868 2009 960 2074 Ἄθως

163 2099 225 2158 ἐστὶ
248 2097 311 2174 ὅρος
333 2098 407 2177 μέγα
428 2123 459 2156 τε
482 2097 527 2156 καὶ
549 2095 732 2174 οὕνομαστδν,
757 2100 784 2158 ἐς
809 2096 960 2158 θάλασσαν

164 2189 292 2261 κατῆκον,
315 2186 460 2262 οἰκημένον
480 2184 535 2244 όπδ
558 2183 718 2260 ἀνθρώπων·
739 2183 823 2261 τῇδὲ
843 2189 960 2265 τελευτᾷ

163 2277 190 2334 ἐς
202 2271 254 2347 τήν
269 2270 384 2348 ἤπειρον
397 2271 429 2332 τό
444 2270 515 2348 ὅρος,
529 2271 759 2350 χερσονησοειδές
778 2272 811 2330 τέ
831 2275 892 2330 ἐστι
913 2275 959 2331 καὶ

163 2358 265 2435 ἰσθμός
279 2358 314 2422 ὦς
327 2358 430 2418 δώδεκα
447 2359 574 2418 σταδίων·
596 2358 691 2418 πεδίον
710 2359 740 2417 δέ
757 2361 841 2420 τοῦτο
856 2360 901 2418 καὶ
916 2387 959 2419 κο·

162 2445 246 2506 λωνοὶ
264 2445 296 2505 οὐ
315 2445 435 2526 μεγάλοι
456 2451 485 2504 ἐκ
506 2445 657 2521 θαλάσσης
672 2450 722 2522 τῆς
741 2444 894 2528 Ἀκανθίων
915 2447 960 2506 ἐπὶ

163 2533 313 2593 θάλασσαν
338 2533 390 2609 τήν
413 2533 507 2593 ἀντίον
530 2533 671 2610 Τορώνης·
701 2539 729 2594 ἐν
754 2534 783 2593 δέ
806 2539 845 2612 τῷ
869 2537 960 2614 ἰσθμῷ

161 2619 257 2698 τούτῳ,
274 2625 301 2682 ἐς
318 2619 367 2680 τόν
379 2625 496 2699 τελευτᾷ
517 2620 645 2691 όἊθως,
661 2621 736 2697 Σάνη
752 2621 836 2685 πόλις
855 2621 961 2686 Ἑλλάς

162 2709 278 2784 οἴκηται·
300 2708 371 2766 αἰδὲ
386 2707 462 2771 ἐντός
476 2708 565 2785 Σάνης
580 2710 634 2768 ἔσω
648 2709 677 2767 δέ
690 2713 740 2769 τοῦ
756 2708 835 2769 Ἀθω
852 2711 960 2786 οἰκημέ-

162 2821 214 2865 ναι,
227 2795 278 2860 τάς
290 2795 353 2856 τότε
367 2795 383 2856 ό
394 2797 509 2874 Πέρσης
523 2796 686 2873 νησιώτιδας
701 2797 762 2858 άντὶ
775 2797 961 2875 ἠπειρωτίδων

161 2882 271 2961 ὥρμητο
280 2885 390 2954 ποιέειν,
395 2884 450 2943 εἶσὶ
458 2885 526 2944 αἵδε·
536 2883 960 2962 Δῖον,’ολόφυξος,Ἀκράθωον,

161 2971 283 3044 Θύσσος,
295 2972 432 3032 Κλεωναί·
453 2973 535 3036 πόλις
548 2974 600 3050 μέν
610 2970 699 3042 αὗται,
711 2972 741 3032 οἳ
753 2972 803 3032 τόν
816 2971 906 3032 Ἀθων
919 2972 960 3032 νέ-

114 3059 152 3118 23
162 3085 271 3136 μονται.
306 3060 454 3139 Ὠρυσσον
468 3059 497 3119 δέ
511 3057 572 3119 ὧδε·
594 3059 746 3136 δασάμενοι
762 3060 812 3120 τόν
825 3064 918 3138 χῶρον
934 3061 961 3117 οἱ

161 3146 308 3226 βάρβαροι
321 3148 391 3209 κατά
406 3149 493 3217 ἔθνεα,
503 3147 572 3208 κατά
581 3146 674 3224 Σάνην
687 3147 772 3208 πόλιν
786 3146 960 3225 σχοινοτενὲς

161 3237 355 3314 ποιησάμενοι·
377 3237 437 3297 ἐπεὶ
458 3236 488 3296 δέ
510 3237 618 3316 ἐγένετο
638 3235 743 3311 βαθεῖα
764 3233 783 3309 ἦ
804 3231 911 3309 διώρυξ,
933 3235 960 3292 οἱ
