2280 3432
153 79 202 129 284
459 75 644 142 ἨΡΟΔΟΤΟΤ
887 73 950 140 [IX.

151 156 340 220 ἀντιώσεσθαι
361 161 388 220 ἐς
407 154 459 232 τήν
478 153 614 230 Βοιωτίην
634 153 832 232 προδεδώκατε,
853 158 953 234 περιεί-

153 241 215 306 δετέ
232 271 264 305 τε
285 241 449 320 ἐσβαλόντα
470 246 497 306 ἐς
511 240 563 316 τὴν
576 240 706 316 Ἀττικήν
725 243 775 303 τάν
792 243 951 321 βάρβαρον.

151 338 180 398 ἐς
198 333 251 410 μέν
271 357 318 392 νυν
337 330 371 391 τὰ
391 330 496 408 παρεὸν
508 329 652 405 Ἀθηναῖοι
673 329 739 407 ὑμῖν
758 331 899 408 μηνίουσι·
921 332 954 391 οὐ

151 419 207 503 γάρ
222 419 373 496 ἐποιήσατε
388 418 543 494 ἐπιτηδέως·
558 421 606 477 νῦν
620 418 649 478 δὲ
663 417 706 478 ὅτι
718 418 805 498 τάχος
818 419 953 496 στρατιὴν

150 507 210 586 ἅμα
235 507 303 584 ἡμῖν
325 507 477 566 ἐκέλευσαν
499 505 585 583 ὑμέας
608 505 765 582 ἐκπέμπειν,
792 505 827 570 ὦς
850 505 883 566 ἂν
903 507 954 568 τάν

149 594 302 673 βάρβαρον
328 594 510 672 δεκάμεθα’
497 620 526 653 εν
551 599 587 671 τῇ
614 593 740 672 Ἀττικῇ·
778 593 935 671 ἐπειδη
897 623 953 677 γαρ

150 682 312 760 ἡμάρτομεν
324 686 374 759 τῆς
388 682 578 757 Βοιωτίης,
542 707 593 756 της
609 707 642 763 γε
657 681 793 759 ημετέρης
809 683 954 758 ἐπιτηδεῶ·

148 769 235 831 τατόν
262 775 323 830 ἐστι
355 770 573 850 ἐμμαχέσασθαι
605 771 639 830 τό
674 769 809 846 Θριάσιον
834 770 954 830 πεδίον.”

123 857 157 918 8
158 865 198 922 Ως
216 857 282 918 δὲ’Ι
266 885 320 936 αρα
335 856 460 934 ἤκουσαν
481 861 508 917 οἱ
528 860 627 935 ἔφοροι
646 861 742 927 ταῦτα,
758 857 954 934 ἀνεβάλλοντο

150 951 178 1010 ἐς
195 947 247 1022 τήν
267 945 416 1024 ὑστεραίην
433 945 646 1023 ἀποκρίνασθαι·
667 949 703 1024 τῇ
722 945 752 1004 δὲ
769 945 910 1024 ὑστεραίῃ,
926 953 954 1010 ἐς

149 1035 201 1111 την
220 1035 323 1112 ἑτέρην.
364 1038 447 1094 τοῦτο
467 1034 512 1092 καὶ
532 1033 577 1092 ἐπὶ
594 1034 660 1092 δέκα
672 1031 778 1112 ἡμέρας
792 1036 907 1105 ἐποίεον,
923 1037 954 1105 ἐξ

148 1121 253 1200 ἡμέρης
275 1129 302 1186 ἐς
321 1121 428 1199 ἡμέρην
447 1119 687 1197 ἀναβαλλόμενοι·
710 1126 739 1181 ἐν
760 1122 790 1180 δέ
809 1121 896 1201 τούτῳ
915 1130 954 1203 τῷ
1013 1111 1021 1126 ⁸

148 1209 240 1290 χρόνῳ
252 1210 302 1271 τάν
310 1208 428 1286 Ἰσθμόν
439 1208 567 1287 ἐτείχεον,
579 1208 706 1284 σπουδήν
717 1210 827 1288 ἔχοντες
839 1211 953 1286 πολλὴν

148 1297 250 1362 πάντες
276 1297 515 1372 Πελοποννήσιοι·
552 1297 601 1356 καί
625 1303 681 1373 σφι
707 1296 743 1372 ἧν
769 1297 839 1374 πράς
865 1299 951 1358 τέλεϊ.

137 1385 206 1453 ’,οὐδ’
217 1388 271 1466 ἔχω
285 1386 359 1445 εἶπαι
371 1384 404 1444 vd
418 1386 514 1454 αἴτιον,
525 1385 595 1444 διότι
608 1385 777 1462 ἀπικομένου
790 1388 842 1461 μὲν
854 1384 951 1456 Ἀλεξ-

149 1472 249 1552 άνδρου
261 1477 311 1532 τοῦ
325 1471 487 1536 Μακεδόνος
501 1477 527 1536 ἐς
539 1472 660 1548 Ἀθήνας
682 1473 808 1548 σπουδὴν
821 1473 950 1554 μεγάλην

149 1562 319 1636 ἐποιήσαντο
342 1559 383 1636 μὴ
406 1559 524 1636 μηδίσαι
544 1559 716 1636 Ἀθηναίους,
739 1561 804 1622 τότε
827 1562 856 1621 δὲ
881 1561 952 1640 ὤρην

150 1647 320 1724 ἐποιήσαντο
337 1645 474 1724 οὐδεμίαν,
489 1646 564 1706 ἀλλο
582 1673 616 1729 γε
633 1646 651 1724 ἢ
671 1648 714 1708 ὅτι
733 1648 748 1709 ἀ
766 1647 882 1727 Ἰσθμός
895 1657 952 1726 σφι

149 1737 327 1815 ἐτετείχιστο,
356 1735 402 1794 καὶ
436 1733 545 1796 ἐδόκεον
578 1734 731 1812 Ἀθηναίων
766 1738 805 1796 ἔτι
839 1737 951 1798 δέεσθαι

148 1823 236 1884 οὐδέν·
254 1822 300 1884 ὅτε
314 1823 343 1883 δὲ
356 1822 372 1884 ὁ
384 1821 569 1902 Ἀλέξανδρος
582 1823 698 1885 ἀπίκετο
712 1829 740 1888 ἐς
752 1824 803 1900 τὴν
812 1824 950 1900 Ἀττικὴν,

148 1911 220 1972 οὔκω
240 1911 459 1992 ἀπετετείχιστο·
485 1912 633 1994 ἐργάζοντο
654 1914 684 1974 δὲ
704 1913 832 1995 μεγάλως
852 1939 950 1990 καταρ-

148 2001 300 2079 ρωδηκότες
312 1999 376 2065 τούς
391 2000 516 2077 Πέρσας.
874 2027 891 2055 ι

121 2090 139 2148 9
188 2091 275 2154 Τέλος
289 2089 326 2162 δέ,
337 2093 388 2164 τῆς
400 2114 431 2148 τε
444 2087 608 2166 ὖποκρίσιος
621 2089 668 2146 καὶ
682 2088 779 2160 ἐξόδου
792 2093 846 2150 τῶν
858 2090 950 2168 Σπαρ·

120 2231 121 2234 ,
147 2179 261 2254 τιητέων
281 2177 390 2260 ἐγένετο
410 2174 514 2253 τρόπος
533 2175 654 2236 τοιόσδε·
675 2180 711 2254 τῇ
732 2177 882 2255 προτεραίῃ
901 2181 952 2253 τῆς

147 2264 269 2340 ὑστάτης
290 2262 480 2326 καταστάσιος
499 2263 662 2340 μελλούσης
687 2263 812 2333 ἔσεσθαι,
838 2264 950 2336 Χίλεος,

149 2351 218 2429 ἀνῆρ
236 2350 382 2431 Τεγεήτης,
401 2349 550 2428 δυνάμενος
574 2355 603 2410 ἐν
624 2350 811 2427 λακεδαίμονι
828 2352 951 2432 μέγιστα

149 2440 249 2509 ξείνων,
263 2441 318 2500 τῶν
335 2437 443 2516 ἐφόρων
461 2439 576 2498 ἐπ’ἀθετο
596 2437 688 2499 πάντα
706 2438 795 2519 λόγον
807 2438 858 2500 τάν
876 2439 910 2515 δὴ
924 2443 951 2500 οἶ

147 2526 291 2602 Ἀθηναῖοι
312 2526 418 2608 ἔλεγον·
439 2525 562 2588 ἀκούσας
583 2527 613 2586 δὲ
633 2525 649 2586 ἀ
670 2527 776 2592 Χίλεος
797 2528 876 2608 ἔλεγε
897 2526 951 2605 ἄρα

149 2621 205 2692 σφι
225 2613 300 2674 τάδε·
332 2613 429 2675 “οίντω
454 2615 518 2693 ἔχει,
542 2614 638 2691 ἄνδρες
660 2616 767 2691 ἔφοροι·
797 2613 952 2690 Ἀθηναίων

148 2701 217 2780 ἡμῖν
230 2701 329 2764 ἐόντων
341 2701 382 2781 μὴ
396 2701 519 2780 ἀρθμίων
531 2705 570 2779 τῷ
584 2702 614 2760 δὲ
629 2701 770 2780 βαρβάρῳ
784 2701 951 2782 συμμάχων,

149 2790 248 2868 καίπερ
261 2791 367 2871 τείχεος
377 2791 423 2850 διά
432 2795 482 2852 τοῦ
491 2789 610 2865 Ἰσθμοῦ
622 2790 797 2866 ἐληλαμένου
808 2795 951 2866 καρτεροῦ,

148 2879 270 2960 μεγάλαι
283 2878 426 2942 κλισιάδες
444 2877 649 2938 ἀναπεπτέαται
665 2881 692 2940 ἐς
704 2876 756 2952 την
770 2876 952 2955 Πελοπόννη-

149 2993 202 3028 σον
226 2971 265 3046 τῷ
286 2967 396 3048 Πέρσῃ.
438 2964 503 3024 ἀλλ’
526 2963 708 3034 ἐσακούσατε,
732 2965 798 3041 πρίν
824 2991 852 3026 τι
876 2964 952 3026 ἀλλο

104 3053 324 3131 1Οἰλθηναίοισι
340 3055 418 3126 δόξαι
439 3053 563 3129 σφάλμα
582 3052 669 3129 φέρον
682 3056 718 3131 τῇ
731 3051 875 3112 Ἑλλάδι.”
915 3052 951 3112 Ὁ

148 3142 200 3216 μέν
216 3149 273 3218 σφι
290 3138 595 3216 ταῦτασυνεβαύλευε·
619 3141 646 3198 οἱ
665 3139 694 3198 δὲ
713 3139 794 3217 φρενὶ
812 3139 953 3218 λαβόντες

149 3226 199 3286 τάν
210 3229 306 3310 λόγον,
320 3229 427 3299 αὐτίκα,
441 3226 601 3304 φράσαντες
614 3224 693 3285 οὐδὲν
708 3229 785 3286 τοῖσι
800 3226 952 3308 ἀγγέλοισι
