2280 3432
156 117 203 164 248
465 116 647 165 ἨΡΟΔΟΤΟΤ
861 111 953 174 [VIII.

153 193 295 274 ποννήσῳ·
317 195 366 257 ἔως
384 195 437 270 μὲν
456 192 491 268 δή
510 192 600 253 αάτῶν
619 191 689 271 ἀνήρ
709 191 788 270 ἀνδρὶ
807 193 956 270 παραστάς

155 285 225 361 σιγῇ
251 280 339 362 λόγον
366 281 496 354 ε’ποιέετο,
520 281 599 357 θῶμα
619 280 777 357 ποιεύμενοι
796 280 848 356 τήν
866 279 956 357 Εὔρυ-

154 361 258 436 βιάδεω
279 362 425 437 ἀβουλίην,
448 362 530 424 τέλος
550 362 580 419 δὲ
601 361 734 442 ἐξερράγη
759 367 786 424 ές
812 361 844 419 τδ
865 361 956 437 μέσον

155 447 299 528 σύλλογός
311 474 342 508 τε
356 448 390 524 δή
404 449 517 529 ε’γίνετο,
529 449 575 507 καὶ
588 449 684 508 πολλά
699 449 811 529 ἐλέγετο
824 449 888 525 περὶ
900 452 956 508 τῶν

156 533 252 607 αὐτῶν,
276 538 303 594 οἱ
322 537 375 611 μὲν
394 535 430 598 ὦς
450 541 478 599 ε’ς
496 535 549 611 τήν
569 536 791 612 Πελοπόννησον
808 534 892 614 χρεδν
913 536 957 612 εἴη

155 620 322 693 ἀποπλείειν,
344 623 390 681 καὶ
410 624 473 700 περὶ
494 624 596 699 ἐκείνης
617 624 787 700 κινδυνεύειν,
810 623 881 700 μηδὲ
900 623 956 699 πρδ

155 709 247 787 χώρης
270 709 441 788 δοριαλώτου
464 709 597 787 μένοντας
623 711 777 790 μάχεσθαι·
811 710 956 785 Ἀθηναῖοι

156 796 192 870 δὲ,
220 798 266 856 καὶ
289 801 444 878 Αἰγινῆται,
470 799 515 857 καὶ
539 800 690 879 Μεγαρέες,
715 798 800 857 αὐτοῦ
823 798 957 873 μένοντας

108 881 324 960 75ἀμύνασθαι.
365 885 501 946 Ἐνθαῦτα
528 886 745 962 Θεμιστοκλέης,
772 884 808 947 οἷς
834 887 957 944 ἑσσοῦτο

155 975 191 1050 τῇ
204 973 300 1054 γνώμη
312 973 368 1034 ὕπά
381 979 437 1034 τῶν
447 975 693 1050 Πελοποννησίων,
708 971 803 1032 λαθῶν
816 973 956 1051 ἐξέρχεται

157 1065 187 1119 έκ
200 1066 251 1122 τοῦ
264 1063 418 1140 συνεδρίου·
440 1062 559 1132 ε’ξελθιδν
577 1062 607 1120 δὲ
624 1063 728 1137 πέμπει
747 1066 774 1122 ές
791 1059 824 1118 τά
839 1059 956 1137 στρατά-

156 1149 240 1209 πεδον
268 1150 301 1210 τδ
329 1150 433 1226 Μήδων
463 1147 549 1226 ἀνδρα
579 1150 677 1228 πλοίιρ,
705 1146 896 1223 ἐντειλάμενος
921 1146 957 1208 τά

159 1237 252 1317 λέγειν
271 1237 364 1317 χρεόν·
385 1243 424 1317 τῷ
444 1236 550 1314 οὔνομα
569 1239 621 1314 μὲν
640 1235 675 1312 ἦν
696 1236 828 1300 Σίκιννος·
850 1236 957 1311 οἰκέτης

156 1323 186 1382 δὲ
206 1325 252 1383 καὶ
272 1324 448 1407 παιδαγωγὸς
473 1323 509 1401 ἦν
535 1328 591 1384 τῶν
611 1311 819 1400 Θεμιστοκλέος
842 1323 957 1383 παίδων·

156 1411 205 1471 τδν
218 1413 248 1472 δὲ
261 1412 378 1490 ὕστερον
386 1412 490 1473 τούτων
499 1416 555 1472 τῶν
567 1410 737 1492 πρηγμάτων
748 1412 958 1486 Θεμιστοκλέης

157 1501 283 1559 Θεσπιέα
308 1525 340 1560 τε
366 1500 491 1574 ἐποίησε,
520 1499 555 1563 ὥς
581 1499 743 1559 ἐπεδέκοντο
771 1500 797 1557 οἱ
823 1498 958 1562 Θεσπιέες

157 1587 302 1662 πολιήτας,
330 1587 376 1644 καὶ
401 1586 529 1664 χρήμασι
561 1585 673 1662 ὄλβιον·
715 1586 747 1649 ὃς
774 1584 839 1646 τότε
867 1587 958 1665 πλοίῳ

157 1673 330 1749 ἀπικόμενος,
352 1673 432 1753 ἔλεγε
449 1673 520 1750 πράς
539 1672 604 1736 τούς
622 1673 798 1754 στρατηγούς
812 1677 867 1733 τῶν
886 1675 957 1751 βαρ-

156 1759 253 1837 βάρων
272 1759 347 1818 τάδε·
381 1770 399 1796 “
408 1761 516 1838 ἔπεμψέ
534 1787 571 1838 με
591 1762 749 1844 στρατηγάς
769 1761 785 1821 ἀ
805 1759 958 1837 Ἀθηναίων

157 1846 249 1924 λάθρη
262 1851 317 1908 τῶν
330 1846 425 1907 ἄλλων
437 1847 589 1926 Ἑλλήνων,
605 1851 749 1932 (τυγχάνει
764 1849 819 1930 γάρ
834 1848 959 1926 φρονέων

156 1934 193 1995 τά
210 1936 355 2011 βασιλέος,
380 1936 426 1995 καὶ
446 1935 622 2016 βουλόμενος
643 1942 757 2015 μᾶλλον
780 1936 815 1996 τά
839 1935 958 2014 ὑμέτερα

158 2023 311 2102 κατύπερθε
327 2025 454 2105 γίνεσθαι
470 2024 488 2100 ἢ
504 2025 540 2086 τά
555 2030 611 2086 τῶν
626 2025 771 2101 Ἑλλήνων
784 2023 957 2105 πρήγματα)

159 2111 307 2189 φράσοντα
333 2111 376 2172 ὅτι
403 2115 430 2172 οἱ
451 2111 590 2191 Ἕλληνες
619 2113 747 2191 δρησμδν
772 2111 959 2188 βουλεύονται

159 2199 406 2277 καταρρωδηκότες·
431 2201 477 2258 καὶ
495 2204 543 2261 νῦν
561 2203 678 2282 παρέχει
696 2200 853 2259 κάλλιστον
873 2197 959 2274 ύμέας

158 2287 239 2366 ἔργον
272 2285 400 2347 ἀπάντων
434 2288 648 2370 ἐξεργάσασθαι,
676 2286 710 2362 ἢν
744 2286 784 2363 μή
819 2286 959 2362 περιίδητε

158 2372 320 2450 διαδράντας
346 2373 454 2439 αύτούς·
482 2375 545 2435 οὔτε
570 2375 626 2458 γάρ
652 2373 809 2446 ἀλλήλοισι
832 2371 958 2448 ὁμοφρο-

159 2461 260 2535 νέουσι,
284 2460 340 2521 ούτ’
361 2463 400 2522 ἔτι
421 2462 637 2538 ἀντιστήσονται
658 2459 731 2536 ύμῖν,
753 2458 823 2535 πρδς
844 2459 958 2524 ἑωυτούς

161 2573 189 2607 τε
213 2550 305 2624 σφέας
331 2548 437 2629 ὄψεσθε
463 2549 668 2626 ναυμαχέοντας
691 2544 756 2608 τούς
778 2545 814 2606 τά
838 2545 958 2626 ύμέτερα

111 2637 149 2698 76
159 2637 326 2714 φρονέοντας
360 2639 406 2696 καὶ
437 2636 502 2698 τούς
534 2634 601 2712 μή.”
641 2634 675 2694 'O
701 2636 754 2712 μὲν
783 2635 872 2696 ταΰτά
902 2641 958 2711 σφι

159 2725 295 2804 σημήνας,
310 2722 432 2783 ε’κποδιδν
448 2721 666 2784 ἀπαλλάσσετο·
686 2726 763 2785 τοῖσι
776 2724 806 2784 δὲ
820 2723 855 2788 ὥς
868 2723 958 2784 πιστά

158 2813 263 2892 ε’γίνετο
290 2810 326 2870 τά
352 2810 531 2892 ἀγγελθέντα,
554 2816 638 2873 τοῦτο
657 2815 708 2892 μὲν
732 2817 760 2877 ές
785 2813 837 2890 τήν
857 2811 959 2889 νησίδα

121 2931 126 2940 ·
156 2898 209 2975 τήν
227 2896 408 2968 Ψυττάλειαν,
424 2899 529 2975 μεταξύ
548 2901 709 2980 Σαλαμῖνός
719 2927 751 2962 τε
771 2901 897 2979 κειμένην
913 2899 958 2957 καὶ

158 2990 209 3062 τῆς
225 2984 349 3064 ήπείρου,
363 2987 489 3052 πολλούς
505 2992 560 3049 τῶν
581 2992 715 3067 Περσέων
730 2989 958 3066 ἀπεβιβάσαντο·

158 3074 288 3133 τοῦτοδὲ
308 3073 401 3149 ἐπειδή
421 3075 543 3154 ε’γίνοντο
560 3078 648 3153 μέσαι
668 3078 769 3146 νύκτες,
784 3077 889 3156 ἀνῆγον
906 3076 959 3151 μέν

159 3159 193 3219 τδ
206 3158 254 3220 ἀπ’
272 3163 392 3240 ἑσπέρης
410 3163 490 3240 κέρας
508 3163 691 3242 κυκλούμενοι
709 3164 780 3241 πρδς
795 3162 848 3240 τήν
866 3163 958 3226 Σαλα·

176 3249 236 3305 Ιἳνα·
264 3247 368 3328 ἀνῆγον
389 3249 419 3310 δὲ
445 3252 473 3309 οἱ
498 3249 574 3328 ἀμφὶ
600 3251 652 3330 τήν
675 3252 750 3312 Κέον
777 3275 808 3310 τε
835 3249 880 3308 καὶ
908 3239 962 3316 *ἦν
