2204 3430
163 113 193 157 τι
475 103 660 152 Ἦνοιυτου
680 142 682 146 ,
901 99 962 166 [vt.

162 185 260 266 μάχων
281 182 496 263 μεμουνωμένοι,
517 179 716 244 διεκτλόοντες
739 179 918 260 ἐναυμάχεον,
937 188 965 247 ἐς

163 273 180 333 θ
191 278 246 333 τῶν
259 273 400 349 πολεμίων
419 270 529 333 ἑλόντες
542 269 605 332 νέας
618 269 724 347 συχνοῖς
737 267 886 345 ἀπέβαλον
907 273 964 332 τοῖν

163 361 309 438 σφετέρων
319 364 386 420 νεῶν
396 359 447 422 τοῖς
459 362 590 422 πλεῦνας.
632 360 699 417 Χῖοι
712 358 763 434 μὲν
777 355 810 432 δὴ
824 361 892 434 τῇσι
905 361 965 418 λοι-

117 451 153 509 16
163 454 236 526 πῇσι
248 453 303 508 τῶν
315 452 383 508 νεῶν
393 445 589 528 άπαφείγουσι
602 449 630 510 ἐς
639 444 692 520 τήν
702 447 818 504 ἑωυτῶν.
845 443 966 514 Ὄσοισι

166 535 196 594 δὲ
213 540 268 596 τῶν
282 536 358 595 Χίων
377 533 506 595 ἀδύνατοι
524 533 599 610 ἦσαν
614 536 643 593 αῖ
656 531 715 596 νέες
730 531 786 593 ὖπδ
806 533 965 618 τρωμάτων,Ι

164 621 242 683 οὗτοι
263 625 301 694 δὲ,
324 622 360 688 οῖς
381 621 534 692 ἐδιώκοντο,
553 619 802 702 καταφυγγάνουσι
822 618 893 698 πρός
914 621 965 698 τὴν

165 711 314 788 Μυκάλην.
355 712 418 774 νέας
437 713 489 788 μὲν
509 710 543 786 δή
564 709 650 770 αὐτοῦ
669 707 756 786 ταύτῃ
774 711 966 780 ἐποκείλαντες

164 799 324 870 κατέλιπον,
344 803 371 860 οῖ
391 799 421 858 δὲ
441 799 512 877 πεζῇ
530 798 689 874 ἐκομίζοντο
707 795 753 855 διά
772 801 823 872 τῆς
839 795 965 874 ἠπείρου.

166 887 226 946 ἐπεὶ
244 887 274 946 δὲ
296 889 439 964 ἐσέβαλον
461 891 489 949 ἐς
509 885 562 960 τήν
581 884 719 961 Ἐφεσίην
742 883 919 962 κομιζόμενοι
939 887 966 944 οἱ

164 979 239 1050 Χῖοι,
254 975 351 1039 νυκτός
369 1001 401 1036 τε
421 974 553 1034 ἀπικέατο
575 977 602 1036 ἐς
616 971 711 1048 ἀὐτὴν
724 972 771 1030 καὶ
784 971 882 1032 ἐόντων
896 975 966 1051 τῇσι

163 1063 272 1142 γυναιξὶ
293 1062 391 1123 αὐτόθι
413 1061 620 1138 θεσμοφορίων·
641 1061 760 1120 ἐνθαῦτα
781 1058 815 1134 δή
837 1063 864 1118 οἱ
882 1059 965 1136 Ἐφέ-

164 1175 231 1225 σιοι,
246 1149 310 1212 οὔτε
322 1148 529 1228 προακηκοότες
542 1147 578 1212 αἷς
591 1149 650 1228 εἶχε
663 1149 727 1224 περὶ
739 1151 794 1207 τῶν
806 1147 882 1207 Χίων
896 1147 964 1208 ἰδόν-

163 1263 209 1300 τες
223 1263 254 1296 τε
274 1237 398 1315 στρατόν
418 1241 446 1299 ἐς
465 1235 518 1311 τήν
536 1235 630 1314 χώρην
644 1235 856 1312 ἐσβεβληκότα,
870 1234 966 1317 πάγχυ

164 1325 258 1400 σφέας
279 1323 478 1394 καταδόξαντες
499 1323 568 1382 εἶναι
589 1327 702 1386 κλῶπας
716 1323 762 1382 καὶ
775 1325 845 1382 ἰέναι
859 1323 904 1382 ἐπὶ
916 1324 966 1388 τὰς

164 1415 304 1490 γυναῖκας,
329 1409 497 1488 ἐξεβοήθεον
522 1411 660 1489 πανδημεὶ
687 1411 734 1470 καὶ
757 1410 875 1470 ἔκτεινον
900 1410 966 1477 τοῖς

165 1499 263 1562 Χίους.

119 1586 155 1646 17
208 1585 295 1648 Οὗτοι
320 1585 372 1664 μέν
398 1609 447 1646 νυν
472 1583 620 1664 τοιαύτῃσι
645 1587 827 1664 περιέπιπτον
852 1585 965 1664 τύχῃσι.

166 1674 315 1738 Διονύσιος
336 1673 397 1734 δέὁ
417 1673 545 1738 Φωκαεῖς
565 1673 628 1734 ἐπεί
641 1698 673 1732 τε
694 1674 779 1749 ἔμαθε
798 1677 853 1733 τῶν
867 1672 966 1735 Ἰάνων

164 1760 200 1821 τά
226 1761 378 1843 πρήγματα
405 1761 601 1840 διεφθαρμένα,
626 1761 689 1824 νέας
715 1759 787 1820 ε’λῶν
812 1763 886 1838 τρεῖς
911 1765 966 1824 τῶν

165 1851 308 1927 πολεμίων
323 1849 455 1919 ἀπέπλεε,
471 1854 498 1913 ἐς
511 1851 563 1928 μέν
575 1848 704 1909 Φιόκαιαν
725 1847 824 1918 οὐκέτι,
840 1849 869 1908 εὖ
891 1849 966 1914 είδιδς

165 1936 201 2002 ὥς
221 1938 444 2016 ἀνδραποδιεῖται
464 1936 519 1999 σόν
539 1941 577 2018 τῇ
599 1936 675 2016 ἄλλῃ
691 1936 790 2016 Ἰωνίη·
812 1935 828 1996 ό
846 1937 876 1999 δὲ
889 1938 966 2002 ἰθέως

166 2025 201 2090 ὥς
214 2027 272 2108 εἶχε
286 2029 376 2087 ἔτλωε
386 2032 414 2090 ἐς
427 2027 566 2102 Φοινίκην·
579 2025 701 2107 γαύλους
712 2025 741 2084 δὲ
752 2025 871 2086 ἐνθαῦτα
883 2051 965 2086 κατα-

163 2113 250 2178 δύσας
272 2115 316 2176 καῖ
333 2113 466 2194 χρήματα
485 2113 588 2190 λαβεῖν
607 2112 712 2187 πολλὰ,
732 2114 822 2172 ἐπλωε
842 2117 870 2176 ἐς
887 2113 965 2178 Σικε-

164 2203 239 2277 λίην·
261 2202 435 2279 όρμεάμενος
455 2201 484 2259 δὲ
505 2201 631 2262 ἐνθεῦτεν
652 2201 772 2278 ληϊστὴς
790 2201 965 2278 κατεστήκεε,

164 2287 308 2365 Ἑλλήνων
327 2291 379 2366 μὲν
400 2287 517 2357 οὐδενός,
532 2289 732 2368 Καρχηδονίων
747 2291 777 2349 δὲ
798 2290 844 2348 καὶ
857 2295 965 2366 Τυρση-

165 2379 228 2436 νῶν.

119 2466 157 2526 18
208 2465 245 2522 Οῖ
263 2462 293 2522 δὲ
310 2461 422 2540 Πέρσαι
444 2461 506 2522 ἐπεί
524 2487 555 2522 τε
575 2466 610 2542 τῇ
631 2463 770 2543 ναυμαχίη
791 2464 885 2524 ἐνίκων
901 2465 966 2531 τούς

159 2549 265 2621 Ἴωνας,
278 2549 331 2627 τὴν
347 2550 479 2627 Μίλητον
499 2551 711 2630 πολιορκέοντες
730 2556 760 2612 ἐκ
777 2555 831 2634 γῆς
851 2553 897 2612 καὶ
918 2554 965 2613 θα-

165 2637 287 2714 λάσσης,
304 2638 350 2698 καὶ
371 2637 580 2716 ὕπορίσσοντες
600 2639 636 2700 ποῖ
651 2645 746 2722 τείχεα
767 2642 812 2701 καὶ
833 2641 967 2706 παντοίας

164 2726 291 2806 μηχανάς
313 2727 531 2806 προσφέροντες,
554 2728 680 2806 αἱρέουσι
702 2727 760 2788 κατ’
781 2725 877 2806 ἄκρης,
898 2729 967 2809 ἕκτῳ

165 2816 219 2877 ἐτεῖ
244 2814 302 2878 άπά
329 2819 380 2894 τῆς
406 2813 585 2880 ἀποστάσιας
604 2821 654 2892 τῆς
674 2815 892 2898 Ἀρισταγόρεω·
920 2817 967 2876 καὶ

163 2903 404 2985 ἠνδραποδίσαντο
416 2903 469 2982 τήν
481 2903 567 2966 πόλιν
589 2903 660 2964 ὥστε
679 2905 850 2981 συμπεσέειν
864 2903 898 2966 τό
913 2904 967 2966 τά·

118 2994 155 3052 19
165 2995 213 3059 θος
225 2997 263 3076 τῷ
275 2994 438 3075 χρηστηρίῳ
451 2996 489 3073 τῷ
504 2998 531 3057 ἐς
545 2993 676 3069 Μίλητον
684 2993 832 3074 γενομένῳ.
874 2999 967 3072 Χρεω·

163 3085 275 3160 μένοισι
295 3083 349 3166 γάρ
362 3081 519 3163 Ἀργείοισι
540 3086 569 3141 ἐν
583 3085 728 3157 Δελφοῖσι
748 3081 812 3158 περὶ
829 3083 968 3160 σωτηρίης

163 3175 213 3248 τῆς
234 3172 334 3233 πόλιος
356 3173 408 3246 τῆς
429 3168 577 3244 σφετέρης,
595 3168 721 3248 ἐχρήσθη
743 3171 881 3232 ἐπίκοινον
898 3196 968 3250 χρη-

165 3258 290 3338 στήριον·
305 3257 339 3320 τό
351 3259 403 3335 μὲν
418 3259 445 3318 ἐς
458 3252 558 3319 αὐτοῖς
570 3256 635 3320 τούς
647 3257 790 3338 Ἀργείους
804 3259 901 3336 φέρον,
914 3259 969 3337 τήν

707 3393 846 3416 -Χ
