2294 3430
158 93 203 146 178
456 92 637 141 ‘HPOAO'POT
874 91 951 157 [vn.

151 170 257 252 Ἀργος
275 195 305 231 τε
323 171 460 252 ἀγγέλους
477 169 631 248 ὁμαιχμίην
647 169 874 248 συνθησομένους
885 172 956 248 πρός
1011 244 1028 260 ·

155 258 205 320 τόν
221 258 348 335 Πέρσην·
369 258 415 316 καὶ
432 262 459 320 ἐς
475 257 605 333 Σικελίην
623 256 728 320 ἄλλους
743 259 863 333 πέμπειν
878 260 956 338 παρὰ
987 277 1021 364 '3³

157 347 270 407 Γέλωνα
276 345 326 406 τόν
337 346 523 422 Δεινομένεος,
533 346 559 408 ές
568 371 600 406 τε
608 347 761 424 Κέρκυραν,
773 346 956 412 κελεύσοντας
979 409 1018 446 Ὃ

156 434 286 510 βοηθέειν
298 437 334 512 τῇ
346 431 475 503 Ἑλλάδι,
488 434 534 493 καὶ
548 438 575 497 ές
588 432 704 510 Κρήτην
716 433 831 498 ἄλλους·
851 437 955 513 φρονή-
996 470 1023 527 ,γ

156 546 256 584 σαντες
277 521 303 580 εἴ
322 547 374 584 κως
394 521 423 581 έν
442 547 473 581 τε
492 522 602 607 γέμο-ιτο
621 520 656 583 τό
677 521 845 598 Ἑλληνικόν
865 524 911 582 καὶ
932 528 956 584 εἶ
988 533 1024 588 Ν

158 609 350 691 συγκύψαντες
370 608 458 669 τώυτό
482 610 640 687 πρήσσοιεν
666 609 774 680 πάντες,
799 609 835 674 ὦς
862 611 956 671 δεινῶν

158 698 289 760 έπιόντων
312 697 413 774 ὁμοίως
438 701 511 756 πᾶσι
532 697 669 773 Ἕλλησι.
710 696 746 757 τά
774 698 804 757 δὲ
831 699 956 763 Γέλωνος

156 785 307 867 πρήγματα
316 784 428 866 μεγάλα
439 785 552 867 ἐλέγετο
560 785 637 856 εἶναι,
648 785 775 863 ούδαμοῖν
783 785 956 862 Ἑλληνικῶν
989 840 992 846 .

156 878 211 935 τῶν
224 873 257 934 ού
269 873 380 934 πολλόν
392 873 475 949 μέζω.

111 964 167 1022 146
216 961 265 1026 Ὡς
291 962 321 1021 δὲ
346 960 434 1022 ταῦτά
460 966 517 1038 σφι
544 961 628 1032 ἔδοξε,
656 961 880 1038 καταλυσάμενοι
904 962 955 1026 τάς

156 1050 264 1129 ἔχθρας,
285 1051 382 1126 πρῶτα
401 1051 453 1127 μέν
473 1048 668 1113 κατασκόπους
693 1047 837 1124 πέμπουσι
857 1052 884 1114 ές
903 1049 955 1125 τήν

156 1135 257 1214 Ἀσίην
274 1135 373 1214 ἄνδρας
389 1139 471 1213 τρεῖς·
496 1139 523 1195 οἶ
538 1136 568 1196 δὲ
583 1135 747 1213 άπικόμενοί
760 1161 791 1196 τε
809 1140 836 1198 ές
854 1135 955 1213 Σάρδις

156 1226 203 1284 καὶ
216 1223 422 1301 καταμαθόντες
434 1224 485 1300 τήν
498 1224 637 1300 βασιλέος
653 1222 795 1300 στρατιήν,
810 1222 845 1286 ὦς
858 1223 954 1284 ἐπάισ-

155 1339 200 1374 τοι
226 1314 360 1393 ἐγένοντο,
384 1311 607 1387 βασανισθέντες
629 1311 685 1372 ύπό
709 1315 764 1371 τῶν
790 1317 954 1394 στρατηγῶν

156 1405 206 1461 τοῦ
225 1401 310 1471 πεζοῦ
330 1402 451 1475 στρατοῦ
472 1397 615 1479 ἀπήγοντο
634 1398 670 1462 οἷς
688 1397 880 1476 ἀπολούμενοι·
908 1402 954 1462 καὶ

155 1491 232 1548 τοῖσι
251 1489 303 1564 μὲν
319 1485 498 1562 κατακέκριτο
516 1485 642 1548 θάνατος·
669 1486 775 1563 Ξέρξης
793 1487 822 1546 δὲ
839 1486 874 1551 ὦς
890 1487 953 1548 ἐπύ-

157 1575 221 1636 θετο
235 1577 330 1645 ταῦτα,
349 1573 489 1649 μεμφθεὶς
505 1575 561 1631 τῶν
583 1576 748 1653 στρατηγῶν
762 1573 814 1649 τήν
833 1575 952 1655 γνιύμην,

156 1663 260 1739 πέμπει
272 1663 327 1721 τῶν
339 1685 414 1723 τινας
430 1658 600 1736 δορυφόρων,
615 1660 812 1738 ἐντειλάμενος,
825 1660 859 1737 ήν
873 1687 953 1722 κατα-

156 1749 272 1826 λάβωσι
283 1747 349 1813 τούς
359 1747 552 1811 κατασκόπους
562 1748 672 1819 ζῶντας,
683 1747 760 1828 ἅγειν
770 1748 834 1826 παρ’
845 1749 952 1811 ἑωυτόν·

157 1837 193 1901 ὥς
209 1838 238 1897 δὲ
257 1838 296 1897 ἔτι
313 1835 472 1915 περιεόντας
487 1833 588 1899 αύτούς
605 1837 765 1914 κατέλαβον
781 1838 827 1896 καὶ
843 1835 913 1919 ἦγον
926 1842 954 1902 ές

156 1924 222 2004 ὄψιν
237 1924 288 2001 τήν
303 1925 449 2003 βασιλέος,
471 1924 504 1986 τό
526 1926 657 1996 ἐνθεῦτεν,
673 1924 827 2003 πυθόμενος
840 1925 881 1985 ἐπ’
895 1926 954 1986 οἶσι

155 2013 253 2090 ἦλθον,
270 2014 380 2074 ἐκέλευέ
391 2020 484 2090 σφεας
500 2013 566 2077 τούς
583 2013 755 2090 δορυφόρους
773 2013 955 2094 περιάγοντας

156 2102 359 2162 ἐπιδείκνυσθαι
372 2101 463 2162 πάντα
482 2127 513 2161 τε
533 2099 583 2161 τόν
602 2100 686 2172 πεζόν
705 2099 826 2178 στρατόν
842 2102 887 2159 καὶ
903 2101 955 2176 τήν

158 2191 251 2249 ἵππον·
284 2189 367 2250 ἐτεόν
394 2189 424 2249 δὲ
448 2193 536 2250 ταῦτα
564 2188 710 2265 θηεύμενοι
736 2189 801 2246 ἔωσι
827 2186 954 2264 πλήρεες,

157 2275 333 2352 ἀποπέμπειν
346 2281 373 2339 ές
385 2275 437 2351 τήν
450 2272 484 2336 ἂν
498 2275 577 2336 αὐτοὶ
591 2277 710 2335 ἐθέλωσι
727 2275 821 2354 χώρην
833 2274 954 2337 ἀσινέας.

112 2365 167 2426 147
177 2362 332 2444 Ἑπιλέγων
344 2364 374 2423 δὲ
387 2362 437 2424 τόν
450 2362 538 2444 λόγον
550 2363 630 2424 τόνδε
641 2368 729 2424 ταῦτα
740 2363 907 2434 ἐνετέλλετο,
921 2361 956 2427 οἷς

159 2455 182 2511 εἰ
200 2453 252 2527 μὲν
272 2449 418 2511 α’ποίλοντο
434 2454 461 2510 οἱ
478 2450 661 2523 κατάσκοποι,
676 2449 739 2511 οὔτε
755 2450 789 2512 ἂν
804 2451 840 2512 τό
857 2452 956 2510 ἑωυτοῦ

157 2538 308 2618 πρήγματα
331 2538 523 2616 προεπύθοντο
551 2542 578 2598 οἱ
599 2538 739 2616 Ἕλληνες
766 2541 846 2601 ε’όντα
869 2538 958 2619 λόγου

158 2625 239 2703 μέζω,
264 2624 319 2685 οὔτ’
347 2624 381 2686 ἅν
407 2653 434 2687 τι
460 2625 526 2692 τούς
552 2628 705 2706 πολεμίους
731 2629 805 2709 μέγα
832 2627 958 2688 έσινέατο

158 2712 256 2790 ἄνδρας
270 2718 343 2791 τρεῖς
361 2712 561 2778 ἀπολέσαντες·
590 2713 787 2790 νοστησάντων
806 2715 836 2774 δὲ
855 2713 959 2775 τούτων

159 2807 187 2864 ές
211 2800 262 2876 τήν
288 2801 423 2871 Ἐλλάδα,
451 2803 554 2863 δοκέειν
583 2803 661 2883 (ἔφη)
689 2800 863 2866 ἀκούσαντας
895 2798 960 2862 τούς

155 2887 299 2965 Ἕλληνας
313 2889 350 2950 τά
364 2893 464 2949 έωυτοῦ
477 2888 638 2970 πρήγματα,
651 2889 706 2966 πρό
725 2894 775 2950 τοῦ
789 2888 897 2951 στόλου
909 2889 959 2948 ταΰ

158 2977 304 3057 γινομένου
323 2975 499 3055 παραδώσειν
519 2976 611 3051 σφέας
630 2977 683 3052 τήν
703 2976 773 3054 ἰδίην
793 2975 959 3054 ἐλευθερίην,

160 3065 205 3122 καὶ
226 3064 295 3125 οὕτω
316 3064 378 3126 οὐδὲ
396 3063 506 3139 δεήσειν
524 3062 565 3122 ἐπ’
588 3063 687 3128 αύτούς
703 3066 961 3144 στρατηλατέοντας

159 3151 311 3232 πρήγματα
331 3156 413 3232 ἔχειν.
455 3150 513 3210 οἶκε
533 3149 565 3228 δέ
583 3150 670 3210 αὐτοῦ
690 3151 761 3230 αὕτη
779 3153 798 3230 ἡ
815 3152 960 3234 γνάμητῇ

160 3259 194 3314 γε
210 3236 297 3317 ἄλλη·
320 3237 373 3298 έυὶν
389 3235 446 3318 γάρ
465 3240 494 3296 έν
510 3235 623 3317 Ἀβύδῳ
641 3236 657 3298 ὁ
676 3239 790 3318 Ξέρξης,
804 3240 859 3302 εἶδε
872 3239 960 3300 πλοῖα
