2204 3430
166 127 199 177 ιο
477 123 660 174 Ἦοοιοςου
919 123 970 188 [V.

118 204 159 265 90
166 204 297 282 ἀνάρσια.
335 205 385 269 Ἐς
397 203 536 283 τιμωρίην
552 204 582 263 δέ
599 201 908 281 παρασκευαζομένοισι
922 203 970 264 αὖ·

166 295 244 353 τοῖσι
274 297 305 353 ἐκ
329 293 552 371 Λακεδαιμονίων
578 296 697 372 πρῆγμα
720 291 895 372 ἐγειρόμενον
922 298 970 370 ἐμ-

168 380 267 442 πόδιον
287 382 406 462 ἐγένετο.
446 380 600 458 πυθόμενοι
622 380 678 462 γάρ
706 383 733 439 οἶ
753 379 970 458 Λακεδαιμόνιοι

165 467 201 529 vd
220 473 250 528 ἐκ
271 473 326 530 τῶν
341 468 581 547 Ἀλκμαιωνιδέων
601 474 629 532 ἐς
645 467 697 545 τήν
713 468 824 544 Πυθίην
841 494 970 548 μεμηχα-

166 557 279 634 νημένα,
304 558 351 616 καὶ
371 557 408 618 τοὶ
429 563 459 618 ἐκ
484 562 535 634 τῆς
555 558 664 633 Πυθίης
684 556 731 616 ἐπὶ
756 557 848 632 σφέας
868 581 900 618 τε
922 558 970 617 καὶ

166 644 230 708 τούς
251 645 496 724 Πεισιστρατίδας,
518 645 670 723 συμφορήν
692 647 833 707 ἐποιεῦντο
854 644 969 722 διπλῆν,

165 731 209 793 ὅτι
229 759 260 794 τε
280 732 380 812 ἄνδρας
399 734 502 803 ξείνους
521 741 577 810 σφι
595 733 690 796 ἐόντας
710 732 918 808 ἐξεληλάκεσαν
938 739 970 794 ἐκ

155 823 216 897 ’τῆς
233 822 342 882 ἐκείνων
360 823 407 881 καὶ
426 820 470 882 ὅτι
488 825 577 882 ταῦτα
596 820 737 898 ποιήσασι
753 818 834 900 χάρις
853 819 969 898 οὐδεμία

166 911 295 1024 ἐφαίρετο
312 909 382 988 πρός
397 913 453 971 τῶν
471 908 678 986 Ἀθηναίων’
663 935 703 969 ετι
724 933 755 970 τε
775 907 846 988 πρός
861 907 968 969 τοίποι-

154 1021 197 1057 ’σι
201 997 323 1109 ἐνηγάν
346 1001 486 1076 σφεας
460 1025 487 1058 οι
506 999 641 1104 χρησμοὶ,
666 998 796 1078 λέγοντες
817 995 914 1056 πολλά
936 1023 969 1057 τε

165 1086 211 1145 καὶ
235 1086 356 1165 ἀνάρσια
383 1087 500 1148 ἔσεσθαι
527 1085 639 1149 αὐτοῖσι
666 1087 697 1156 ἐξ
721 1083 884 1160 Ἀθηναίων·
911 1089 968 1145 τῶν

163 1173 300 1252 πρότερον
328 1178 381 1252 μέν
407 1174 483 1250 ἦσαν
510 1173 614 1244 ἀδαέες,
643 1173 707 1234 τότε
734 1172 764 1231 δέ
792 1171 967 1249 Κλεομένεος

165 1263 333 1338 κομίσαντος
364 1265 392 1324 ἐς
419 1261 552 1338 Σπάρτην
584 1260 726 1338 ἐξέμαθον.
770 1257 909 1335 ἐκτήσατο
937 1261 967 1320 δὲ

164 1348 180 1407 6
205 1350 369 1425 Κλεομένης
397 1353 428 1408 ἐκ
450 1351 502 1424 τῆς
527 1347 680 1424 Ἀθηναίων
706 1347 876 1426 ἀκροπόλιος
901 1347 966 1412 τούς

163 1435 318 1514 χρησμοῦς,
344 1435 410 1498 τούς
436 1437 549 1513 ἔκτηντο
575 1439 627 1513 μέν
650 1435 786 1514 πρότερον
813 1437 840 1494 οἱ
866 1440 966 1495 Πεισι-

164 1523 312 1600 στρατίδαι
331 1523 541 1601 ἐξελαυνόμενοι
562 1525 592 1584 δὲ
612 1525 711 1584 ἔλιπον
729 1528 758 1584 ἐν
775 1525 814 1601 τῷ
832 1525 890 1600 ἱρῷ·
917 1549 965 1581 κα-

117 1612 153 1672 91
163 1612 366 1687 ταλειφθέντας
389 1611 419 1670 δέ
442 1611 458 1672 6
482 1612 645 1689 Κλεομένης
671 1611 802 1687 ἀνέλαβε.
845 1609 915 1669 Τότε
935 1611 966 1670 δέ

164 1699 201 1762 οἷς
221 1697 364 1776 ἀνέλαβον
380 1703 406 1760 οἱ
423 1699 639 1812 Λρκεδαιμάνιοι
659 1699 725 1762 τούς
745 1696 898 1778 χρησμοῦς,
918 1700 965 1759 καὶ

163 1811 228 1850 τους
254 1785 456 1902 Ἀθηναίους
444 1787 541 1864 εοίρεον
574 1786 740 1865 αὐξομένους
766 1786 813 1846 καὶ
839 1784 966 1862 ουδαμῶς

167 1875 293 1954 ἑτοίμους
314 1875 409 1941 ἐόντας
431 1877 582 1936 πείθεσθαί
601 1881 665 1984 σφι,
687 1873 740 1954 νόῳ
766 1872 950 1950 λαβόντες
928 1901 963 1937 ως

163 1963 359 2044 ἐλεύθερον
324 1991 377 2044 μεν
394 1964 441 2026 ἐόν
459 1963 491 2025 τό
510 1964 591 2047 γένος
610 1963 643 2024 τό
663 1961 821 2022 Ἀττικόν’
812 1960 963 2038 ισάρροπον

161 2057 200 2133 τῷ
221 2058 327 2116 έωυτῶν
347 2055 462 2136 γίνοιτο,
480 2053 667 2132 κατεχόμενον
685 2049 747 2110 δὲ’
730 2077 785 2118 υπο
778 2049 963 2127 τυραννίδος

162 2141 278 2205 ἀσθενὲς
306 2143 352 2206 καὶ
378 2142 595 2220 πειθαρχέεσθαι
622 2143 741 2216 ἐτοῖμον·
770 2137 906 2217 μαθόντες
934 2138 963 2198 δέ

164 2228 269 2288 τούτων
293 2229 406 2300 ἕκαστα,
430 2229 641 2304 μετεπέμποντο
662 2227 774 2304 Ἱππίην
794 2225 843 2294 τόν
864 2231 963 2286 Πεισι-

162 2315 286 2392 στράτου
313 2314 369 2375 άπό
394 2316 504 2398 Σιγείου
528 2319 579 2376 τοῦ
607 2320 636 2375 ἐν
657 2315 871 2395 Ἑλλησπόντῳ,
895 2320 922 2379 ἐς
946 2307 963 2376 6

163 2402 373 2484 καταφεύγουσι
393 2406 420 2463 σί
444 2404 685 2481 Πεισιστρατίδαι·
714 2405 825 2464 ἐπείτε
851 2403 882 2462 δέ
907 2411 964 2480 σφι

162 2490 272 2567 Ἱππίης
295 2491 462 2568 καλεόμενος
484 2489 543 2569 ἧκε,
566 2492 816 2572 μεταπεμψάμενοι
843 2493 964 2553 καὶτῶν

162 2577 258 2640 άλλων
276 2579 432 2660 συμμάχων
447 2579 593 2662 ἀγγέλους,
607 2580 705 2662 ἐλεγάν
719 2587 775 2657 σφι
789 2581 964 2658 Σπαρτιῆται

162 2667 238 2727 τάδε·
264 2666 388 2745 ’(άνδρες
411 2667 566 2748 σύμμαχοι,
594 2669 825 2750 συγγινώσκομεν
851 2667 965 2728 αὐτοῖσι

156 2755 230 2832 ’ἡμῖν
254 2755 286 2818 οὔ
311 2756 451 2832 ποιήσασι
473 2756 571 2834 ὀρθῶς·
599 2757 762 2834 ἐπαρθέντες
784 2757 841 2839 γὰρ
866 2757 964 2834 κιβδή

163 2846 243 2903 λοισι
269 2844 439 2921 μαντηίοισι,
460 2843 561 2920 ἄνδρας
588 2844 691 2914 ξείνους
714 2844 810 2907 ἐόντας
835 2845 903 2921 ήμῖν
928 2845 966 2905 τοὶ

162 2929 291 3010 μάλιστα
304 2930 351 2989 καὶ
363 2928 578 3006 ἀναδεκομένους
590 2929 750 3009 ὑποχειρίας
765 2933 894 3008 παρέξειν
914 2933 966 2996 τάς

163 3017 291 3096 Ἀθήνας,
305 3016 420 3080 τούτους
441 3021 472 3075 ἐκ
490 3020 540 3091 τῆς
557 3017 690 3093 πατρίδος
710 3018 898 3094 ἐξηλάσαμεν,
918 3021 966 3078 καὶ

166 3108 268 3178 ἔπειτα,
282 3104 452 3181 ποιήσαντες
471 3107 567 3172 ταῦτα,
582 3103 659 3182 δήμῳ
680 3104 823 3184 ἀχαρίστῳ
843 3108 965 3183 παρεδώ-

162 3219 250 3269 καμεν
267 3194 320 3271 τήν
336 3193 431 3252 πόλιν·
453 3191 483 3254 θς
499 3192 562 3251 ἐπεί
574 3217 605 3252 τε
626 3190 658 3249 δι’
672 3192 759 3267 ἡμέας
773 3195 967 3269 ἐλευθερωθεὶς

159 3277 292 3360 ἀνέκυψε,
314 3282 402 3357 ήμέας
424 3283 475 3357 μέν
498 3281 543 3338 καὶ
566 3279 615 3338 τόν
635 3280 762 3352 βασιλέα
782 3278 874 3352 ἡμέων
889 3306 967 3358 περι-
