2240 3424
164 53 212 103 ιιι
467 51 651 102 Ἠυοιουου
898 49 964 116 [1x.

162 163 251 217 ρεσον
263 137 353 200 αύτῶν
366 137 535 209 ἑξακοσίους,
552 136 617 202 τούς
630 137 661 198 δὲ
672 136 790 203 λοιπούς
806 137 967 217 κατήραξαν

116 229 154 288 70
164 226 306 290 διώκοντες
319 231 346 290 ές
358 224 407 286 τόν
417 227 589 301 Κιθαιρῶνα.
626 223 712 286 Οὗτοι
721 228 774 302 μὲν
784 225 818 302 δῆ
832 230 861 286 έν
875 227 967 288 οὐδενὶ

162 314 240 396 λόγῳ
256 313 413 374 ἀπώλοντο·Ι
434 317 461 373 οἱ
479 314 508 373 δὲ
527 314 639 392 Πέρσαι
655 314 701 372 καὶ
720 313 735 372 ό
753 313 842 377 ἀλλος
856 313 966 391 ὅμιλος,

163 402 199 465 ὥς
209 403 366 483 κατέφυγον
380 408 407 465 ές
419 401 452 462 τό
467 401 578 471 ξύλινον
585 406 686 482 τεῖχος,
701 403 830 477 ἔφθησαν
844 403 890 460 ἐπὶ
900 403 967 468 τούς

163 489 285 571 πύργους
299 489 453 567 ἀναβάντες
466 490 532 568 πρὶν
544 488 562 567 ῆ
575 491 640 556 τούς
653 490 887 567 Λακεδαιμονίους
901 491 967 552 α’πι-

164 579 273 640 κέσθαι·
295 577 450 655 ἀναβάντες
464 578 493 637 δὲ
506 577 663 656 ἐφράξαντο
674 578 709 641 ὦς
718 575 851 654 ἠδυνέατο
862 577 968 656 ἅριστα

163 665 197 726 τό
220 671 322 746 τεῖχος·
351 666 567 744 προσελθόντων
594 667 623 726 δὲ
649 671 704 727 τῶν
731 667 966 744 Λακεδαιμονίων,

164 756 333 831 κατεστήκεέ
346 762 402 832 σφι
414 756 581 834 τειχομαχίη
600 755 831 832 ἐρρωμενεστέρη·
853 755 902 819 ἕως
913 759 968 833 μὲν

166 842 221 923 γάρ
243 843 359 920 ἀπῆσαν
372 847 399 904 οἱ
411 842 563 918 Ἀθηναῖοι,
578 845 605 901 οἱ
618 841 641 902 δ’
654 841 792 919 ήμύνοντο
807 843 853 902 καὶ
866 846 967 923 πολλῷ

165 931 254 992 πλέον
269 931 346 1010 εἶχον
363 935 419 992 τῶν
441 930 671 1008 Λακεδαιμονίων,
686 929 760 989 ὥστε
784 929 833 990 ούκ
852 936 967 991 ἐπιστα-

163 1020 253 1096 μένων
270 1021 471 1099 τειχομαχέειν·
493 1018 528 1080 οἳς
548 1019 580 1078 δέ
599 1025 654 1094 σφι
671 1021 697 1077 οἱ
712 1016 856 1094 Ἀθηναῖοι
876 1045 966 1096 προσ-

164 1107 263 1182 ῆλθον,
278 1106 347 1166 οὕτω
365 1107 399 1182 δῆ
416 1105 518 1186 ίσχυρῆ
536 1107 641 1186 ε’γίνετο
658 1107 826 1186 τειχομαχίη
840 1108 886 1166 καὶ
899 1107 966 1186 χρό-

166 1219 215 1254 νον
236 1195 281 1253 έπὶ
308 1194 427 1254 πολλόν·
461 1195 544 1257 τέλος
564 1193 602 1262 δὲ,
617 1192 709 1272 ἀρετῆ
731 1221 762 1254 τε
784 1196 830 1254 καὶ
848 1197 967 1276 λιπαρίῃ

165 1283 313 1358 ἐπέβησαν
328 1281 472 1357 Ἀθηναῖοι
488 1285 539 1342 τοῦ
557 1270 670 1362 τείχέος,
686 1282 731 1340 καὶ
747 1280 858 1359 ῆριπον·
878 1287 915 1362 τῆ
931 1283 966 1360 δῆ

166 1370 313 1448 ἐσεχέοντο
324 1368 507 1445 οἱἜλληνες.
537 1373 640 1446 πρῶτοι
654 1370 683 1428 δὲ
694 1371 818 1445 ἐσῆλθον
831 1375 966 1452 Τεγεῆται

166 1461 195 1520 ές
209 1457 241 1516 τό
260 1459 361 1536 τεῖχος·
384 1457 429 1515 καὶ
446 1456 498 1532 τῆν
514 1456 622 1533 σκηνῆν
637 1456 689 1533 τῆν
708 1458 868 1535 Μαρδονίου
889 1457 967 1519 οὗτοι

165 1543 241 1620 ῆσαν
257 1548 284 1603 οἱ
302 1545 512 1621 διαρπάσαντες,
526 1545 562 1604 τά
579 1571 610 1604 τε
624 1544 701 1604 ἀλλα
715 1547 746 1616 ἐξ
758 1545 843 1623 αύτῆς
856 1549 902 1606 καὶ
914 1547 967 1624 τῆν

166 1632 275 1707 φάτνην
290 1635 345 1693 τῶν
362 1633 451 1691 ἵππων
468 1637 570 1692 ἐοῦσαν
586 1634 711 1710 χαλκέην
727 1638 824 1695 πᾶσαν
840 1636 885 1694 καὶ
902 1636 967 1713 θέης

167 1717 254 1795 ἀξίην.
295 1719 347 1796 τῆν
364 1721 417 1798 μέν
434 1746 482 1780 νυν
499 1719 608 1796 φάτνην
622 1721 727 1798 ταύτην
739 1722 792 1798 τῆν
805 1723 966 1800 Μαρδονίου

167 1805 302 1868 ἀνέθεσαν
312 1811 340 1872 ές
349 1806 398 1868 τόν
407 1807 474 1884 νηόν
486 1811 536 1884 τῆς
548 1806 651 1884 Ἀλέης
659 1808 808 1886 Ἀθηναίης
821 1815 966 1891 Τεγεῆται·

166 1893 202 1954 vd
215 1895 244 1954 δὲ
255 1893 332 1955 ἀλλα
343 1900 370 1960 ές
379 1894 476 1969 τάυτά,
487 1895 595 1975 ὅσαπερ
609 1898 724 1975 ἔλαβον,
736 1898 881 1975 ἐσήνεικαν
889 1901 967 1960 τοῖσι

164 1980 297 2060 Ἕλλησα
335 1987 361 2044 οἱ
379 1985 409 2044 δὲ
429 1983 575 2062 βάρβαροι
598 1984 676 2046 οὐδὲν
694 1987 734 2046 ἔτι
750 1991 853 2062 στῖφος
874 1987 967 2065 ἐποιή-

166 2095 255 2132 σαντο
275 2071 411 2136 πεσόντος
430 2077 481 2132 τοῦ
500 2074 614 2152 τείχεος,
630 2072 694 2134 οὔτε
713 2099 756 2137 τις
776 2073 866 2135 αὐτῶν
878 2075 968 2153 ἀλκῆς

168 2159 317 2236 ε’μέμνητο·
338 2159 494 2231 ἀλύκταζόν
503 2186 534 2220 τε
548 2162 593 2220 οἶα
607 2166 636 2222 έν
645 2161 733 2244 όλίγορ
746 2162 827 2241 χοίρῳ
837 2165 967 2241 πεφοβη-

165 2245 246 2322 μένοι
253 2272 284 2306 τε
292 2247 338 2306 καὶ
345 2247 453 2306 πολλαὶ
461 2248 591 2326 μυριάδες
602 2251 797 2326 κατειλημέναι
806 2248 967 2326 ἀνθρώπων·

166 2337 259 2411 παρῆν
274 2359 306 2394 τε
321 2337 398 2394 τοῖσι
408 2333 537 2411 Ἕλλησι
557 2335 683 2413 φονεύειν
704 2334 782 2404 οὕτω,
799 2334 872 2394 ὥστε
891 2338 967 2414 τριή-

167 2447 251 2480 κοντα
259 2419 399 2498 μυριάδων
409 2429 540 2501 στρατοῦ,
552 2423 757 2484 καταδεουσέων
766 2422 909 2500 τεσσέρων
918 2426 969 2490 τάς

167 2509 237 2587 έχων
260 2507 434 2586 Ἀρτάβαζος
461 2513 569 2592 έφευγε,
596 2514 650 2570 τῶν
673 2512 779 2570 λοιπῶν
801 2510 872 2588 μηδὲ
895 2516 969 2589 τρεῖς

165 2595 295 2675 χιλιάδας
321 2599 526 2679 περιγενέσθαι·
555 2597 778 2674 Λακεδαιμονίων
805 2599 834 2658 δὲ
860 2604 915 2660 τῶν
938 2606 968 2660 έκ

168 2684 300 2763 Σπάρτης
315 2684 453 2746 ἀπέθανον
472 2689 498 2745 οί
513 2684 615 2749 πάντες
629 2689 657 2746 έν
670 2689 706 2765 τῆ
720 2688 858 2767 συμβολῇ
871 2688 910 2752 εἵς
923 2689 968 2748 καὶ

168 2772 353 2849 ἐννενήκοντα,
368 2773 523 2854 Τεγεητέων
544 2773 573 2832 δὲ
594 2773 744 2846 ἑκκαίδεκα,
765 2774 919 2853 Ἀθηναίων
939 2775 968 2836 δὲ

168 2859 217 2920 δύο
231 2862 277 2921 καὶ
290 2859 471 2937 πεντήκοντα.

120 2945 157 3007 vl
208 2948 379 3026 Ἠρίστευσε
392 2947 422 3007 δὲ
434 2951 490 3010 τῶν
506 2950 672 3030 βαρβάρων,
686 2952 769 3026 πεζός
788 2954 840 3030 μέν
859 2951 875 3012 ό
896 2957 968 3030 Περ

168 3035 247 3109 σέων,
259 3037 343 3098 ἵππος
353 3035 382 3095 δὲ
392 3034 411 3111 ή
422 3037 543 3101 Σακέων·
557 3037 627 3118 ἀνῆρ
639 3040 668 3100 δὲ
678 3042 791 3122 λέγεται
801 3039 968 3118 Μαρδόνιος·

167 3120 312 3198 Ἑλλήνων
331 3123 369 3193 δὲ,
386 3122 498 3205 ἀγαθῶν
515 3128 670 3208 γενομένων
687 3130 733 3188 καὶ
750 3127 905 3209 Τεγεητέων
923 3127 968 3186 καὶ

168 3205 329 3284 Ἀθηναίων,
337 3210 549 3290 ύπερεβάλοντο
558 3215 644 3294 ἀρετῆ
651 3215 876 3293 Λακεδαιμόνιοι·
889 3211 969 3292 ἄλλω
