2294 3430
181 93 320 156 1⁵3-1se]
501 93 687 142 Ποινιιυιι.
932 95 978 142 183

177 171 304 234 τούτοισι
316 173 393 230 τοῖσι
405 172 559 247 πολέμοισι
573 171 623 230 εἰδν
638 171 653 231 ὁ
667 171 761 231 Γέλων
771 170 979 248 λαμπρότατος·

177 263 233 318 τῶν
256 259 284 318 δὲ
309 259 386 317 εἶπον
408 259 522 333 πολέων,
544 259 663 318 τουτέων
683 257 760 334 πλην
781 259 978 336 Συρηκουσέων
1001 287 1006 295 ·

179 345 293 423 οὐδεμία
319 346 442 426 πέφευγε
472 345 646 422 δουλοσύνην
675 345 979 423 πρδς,“Ιπποκράτεος·

179 433 384 512 Συρηκουσίους
401 433 430 491 δὲ
448 433 596 510 Κορίνθιοί
608 460 639 493 τε
656 433 702 492 καὶ
720 437 888 511 Κερκυραῖοι
904 431 979 510 ἐρρύ-

163 557 165 563 ·
179 546 266 582 σαντο
279 520 357 599 μάχη
372 521 546 584 ἑσσωθέντας
561 521 606 580 ἐπὶ
618 525 735 600 ποταμῷ
747 521 870 600 Ἐλώρῳ.
905 521 980 598 ἐρρύ-

178 635 266 669 σαντο
288 610 316 667 δὲ
338 607 415 668 οὗτοι
436 608 481 667 ἐπὶ
500 609 597 668 τοῖσδε
615 608 848 679 καταλλάξαντες,
870 608 912 668 ἐπ’
929 606 980 688 ᾧτε

177 693 355 773 Ἱπποκράτεϊ
379 695 545 772 Καμάριναν
570 697 775 772 Συρηκουσέους
799 697 979 772 παραδοῦναι·

180 784 376 860 Συρηκουσέων
390 783 419 840 δὲ
435 781 470 856 ἦν
484 781 635 858 Καμάρινα
647 782 680 841 τδ
696 781 822 861 άρχαῖον.
864 783 912 846 Ὡς
931 784 960 842 δὲ
971 787 1027 844 155

180 871 225 928 καὶ
238 861 424 946 Ἱπποκράτεα
437 868 659 945 τυραννεύσαντα
672 870 722 928 ’έσα
733 871 794 928 ἐτεα
806 873 845 948 τῷ
854 869 981 947 ἀδελφεῷ

180 957 332 1035 Κλεάνδρῳ
356 956 499 1030 κατέλαβε
522 954 673 1014 ἀποθανεῖν
696 955 766 1032 πρδς
787 955 856 1014 πόλι
873 955 980 1034 Ὕβλῃ,

180 1042 425 1120 στρατευσάμενον
435 1043 480 1100 ἐπὶ
493 1041 558 1104 τούς
572 1041 713 1112 Σικελούς,
726 1041 795 1101 οὕτω
809 1041 843 1117 δή
858 1041 875 1101 ὅ
888 1043 982 1102 Γέλων

179 1129 303 1212 τῷλόγῳ
317 1130 456 1207 τιμωρέων
469 1131 545 1190 τοῖσι
558 1127 757 1206 Ἱπποκράτεος
770 1129 853 1187 παισὶ
866 1128 980 1188 Εὐκλεί-

181 1219 214 1297 δη
228 1244 259 1277 τε
275 1218 320 1276 καὶ
337 1216 497 1296 Κλεάνδρῳ,
512 1215 544 1275 ού
560 1217 743 1292 βουλομένων
755 1220 811 1276 τῶν
827 1217 981 1291 πολιητέων

181 1305 322 1381 κατηκόων
343 1307 382 1365 ἐτι
404 1305 480 1375 εἶναι,
501 1308 540 1382 τῷ
559 1305 636 1384 ἐργιρ,
657 1301 692 1366 ὥς
713 1301 884 1381 ἐπεκράτησε
904 1303 982 1382 μάχῃ

179 1397 234 1453 τῶν
251 1393 375 1464 Γελοίων,
393 1392 464 1471 ἦρχε
484 1391 568 1455 αύτδς
588 1390 786 1469 α’ποστερήσας
803 1390 868 1453 τούς
887 1389 981 1450 Ἱππο-

181 1481 294 1558 κράτεος
321 1481 430 1544 παῖδας·
457 1479 529 1558 μετά
556 1479 586 1538 δὲ
612 1483 695 1538 τοῦτο
721 1479 755 1539 τὸ
783 1477 896 1554 εύρημα,
918 1477 983 1542 τούς

179 1569 319 1650 γαμόρους
336 1569 520 1645 καλεομένους
533 1571 587 1628 τῶν
602 1568 797 1644 Συρηκουσέων
814 1565 982 1629 ἐκπεσόντας

179 1656 234 1716 ύπό
247 1683 278 1716 τε
293 1662 343 1716 τοῦ
357 1656 447 1733 δήμου
465 1657 510 1716 καὶ
526 1659 581 1716 τῶν
595 1655 739 1732 σφετέρων
753 1653 859 1713 δούλων
872 1653 981 1734 (καλεο-

178 1745 267 1822 μένων
287 1745 316 1802 δὲ
334 1744 512 1825 Κυλλυρίων)
530 1743 547 1804 o‘
567 1744 663 1802 Γέλων
685 1741 849 1823 καταγαγιδν
867 1740 982 1804 τούτους

180 1837 210 1890 ἐκ
231 1834 383 1908 Κασμένης
403 1832 502 1895 πόλιος
523 1837 550 1894 ἐς
570 1831 621 1893 τάς
642 1829 831 1907 Συρηκούσας,
848 1831 916 1907 ἐσχε
936 1831 982 1888 καὶ

179 1918 290 1981 ταύτας·
319 1917 335 1977 ὁ
358 1919 413 1999 γάρ
435 1919 522 1994 δῆμος
543 1917 559 1976 ὁ
580 1921 636 1976 τῶν
661 1917 856 1993 Συρηκουσέων
878 1916 982 1976 ἐπιόντι

180 2006 285 2064 Γέλωνι
308 2004 528 2081 παραδιδοῖτὴν
549 2003 634 2062 πάλιν
656 2004 702 2060 καὶ
727 2002 835 2062 ἑωυτόν.
876 2001 910 2060 Ὀ
932 2003 1028 2062 δέ156

182 2092 244 2150 ἐπεί
258 2117 289 2152 τε
308 2093 456 2168 παρέλαβε
474 2090 524 2154 τὰς
542 2089 730 2167 Συρηκούσας,
749 2090 839 2164 Γέλης
856 2090 908 2165 μέν
925 2093 982 2148 ἐπι-

181 2181 302 2258 κρατέων
325 2179 413 2260 λόγον
434 2178 550 2238 ἐλάσσω
573 2177 704 2252 ἐποιέετο,
727 2177 876 2254 ἐπιτρέψας
898 2175 983 2252 αὐτὴν

179 2266 282 2345 Ἱέρωνι
296 2268 425 2346 ἀδελφεῷ
439 2270 549 2326 ἐωυτού·
571 2265 587 2325 ὅ
600 2265 630 2325 δέ
643 2263 693 2328 τάς
711 2263 891 2342 Συρηκούσας
905 2263 982 2343 ἐκρά-

180 2383 251 2428 τυνε,
263 2357 309 2416 καὶ
322 2355 396 2432 ἦσαν
410 2353 520 2415 ἅπαντά
535 2358 562 2414 οἶ
576 2353 762 2432 Συρήκουσαι.
794 2355 823 2412 αἱ
836 2353 866 2412 δέ
878 2379 981 2430 παραυ-

179 2445 243 2502 τίκα
256 2445 309 2505 άνά
321 2444 345 2504 τ’
359 2445 478 2522 ἔδραμον
492 2445 538 2503 καὶ
554 2443 743 2520 οἶνέβλαστον·
764 2445 847 2502 τοῦτο
863 2444 915 2519 μὲν
927 2441 981 2522 γάρ

181 2534 389 2610 Καμαριναίους
409 2532 532 2596 ἅπαντας
553 2536 580 2595 ἐς
599 2530 649 2594 τάς
670 2528 850 2607 Συρηκούσας
870 2529 982 2610 ἀγαγὼν

180 2619 318 2694 πολιήτας
331 2621 455 2696 ἐποίησε,
467 2620 632 2697 Καμαρίνης
646 2618 675 2677 δέ
687 2618 720 2678 τδ
732 2617 804 2677 άστυ
813 2618 980 2695 κατέσκαψε·

181 2708 263 2763 τοῦτο
288 2706 317 2764 δὲ
344 2707 461 2767 Γελοίων
483 2703 671 2783 ύτίερημίσεας
697 2709 752 2765 τῶν
778 2705 872 2764 άστῶν
894 2703 982 2764 τῶυτδ

181 2795 258 2849 τοῖσι
276 2794 497 2870 Καμαριναίοισι
515 2793 640 2868 ἐποίησε·
661 2795 810 2874 Μεγαρέας
827 2817 858 2851 τε
873 2791 938 2854 τούς
954 2796 983 2851 ἐν

182 2879 305 2958 Σικελίῃ,
325 2879 360 2944 ὦς
377 2880 605 2959 πολιορκεόμενοι
624 2884 651 2943 ἐς
669 2880 822 2961 ὁμολογίην
838 2878 982 2958 προσεχώ-

173 2991 281 3050 ρησαν,
295 2966 359 3029 τούς
372 2970 423 3044 μὲν
436 2967 525 3028 αὐτῶν
537 2967 652 3046 παχέας,
666 2967 843 3044 ἀειραμένους
854 2991 885 3026 τε
898 2965 982 3025 πόλε-

180 3079 235 3131 μον
248 3053 320 3134 αύτῷ
336 3056 382 3114 καὶ
398 3056 619 3134 προσδοκέοντας
638 3054 811 3114 ἀπολέεσθαι
829 3053 874 3112 διοῖ
889 3057 981 3123 τοῦτο,

181 3141 255 3223 άγων
274 3148 302 3208 ἐς
319 3143 369 3208 τάς
389 3141 568 3222 Συρηκούσας
585 3143 722 3218 πολιήτας
738 3143 862 3217 ἐποίησε·
882 3141 932 3200 τδν
952 3141 983 3200 δὲ

181 3229 271 3310 δῆμον
282 3237 338 3294 τῶν
351 3233 513 3314 Μεγαρέων,
527 3229 576 3290 ούκ
591 3229 670 3290 ἐόντα
681 3230 823 3304 μεταίτιον
835 3233 885 3288 τοῦ
897 3229 981 3288 πολέ-
