2294 3430
172 80 281 145 91-98]
485 81 671 132 ιιοκυιιυικ.
928 81 971 132 1⁵7

173 161 222 220 κόν
250 160 335 230 ἔθνος,
358 159 477 237 ὕστερον
504 159 533 218 δέ
558 159 679 221 Ἰωνικόν
703 159 808 236 ἐκλήθη
832 159 901 220 κατά
924 160 974 221 τόν

173 235 369 329 αὖτδνδλόγον
396 248 443 306 καὶ
467 249 494 306 οἶ
518 247 737 310 δυωδεκαπόλιες
755 247 846 310 Ἴωνες
874 251 901 306 οἶ
927 247 973 307 εἶπ’

172 335 317 411 Ἀθηνέων.
361 337 476 398 Αἰολέες
503 335 532 394 δέ
556 335 689 411 ἐξήκοντα
712 336 775 399 νέας
798 336 973 415 παρείχοντο,
999 403 1002 409 ,

174 423 374 500 ἐσκευασμένοι
392 450 422 482 τε
442 422 477 486 ὦς
490 423 629 499 Ἕλληνες
651 423 697 482 καὶ
717 423 750 486 τό
769 423 858 482 πάλαι
877 422 973 484 καλεό-

172 537 251 594 μενοι
264 510 423 591 Πελασγοὶ,
444 510 478 573 ὥς
495 510 640 586 Ἑλλήνων
659 511 754 593 λόγος.
796 510 973 586 Ἑλλησπόν-

172 624 227 658 τιοι
249 599 285 668 δέ,
307 597 383 673 πλὴν
403 596 574 673 Ἀβυδηνῶν·
597 597 793 678 (Ἀβυδηνοῖσι
811 599 865 680 γάρ
884 625 972 676 προσ-

174 688 301 748 ετέτακτο
315 691 344 744 ἐκ
358 686 505 762 βασιλέος,
520 686 590 745 κατυὶ
603 685 696 765 χώρην
709 688 834 763 μένουσι,
845 687 973 762 φύλακας

174 775 242 835 εἶναι
263 778 317 834 τῶν
338 773 502 855 γεφυρέων)
525 776 550 832 οἱ
573 774 720 836 δέ.λοιττοὶ
743 779 771 832 ἐκ
791 779 841 834 τοῦ
862 774 972 834 Πόντου

173 861 396 940 στρατευόμενοι,
418 862 585 939 παρείχοντο
606 863 658 936 μὲν
676 860 773 920 ἐκατόν
792 847 973 930 νέας,.κευ-

173 951 291 1026 ασμένοι
310 950 340 1008 δέ
358 948 432 1024 ἦσαν
452 947 640 1023 ὦςἝλληνες.
684 946 761 1007 οὗτοι
774 949 803 1006 δέ
816 947 913 1007 Ἰώνων
926 948 972 1008 καὶ

174 1038 301 1114 Δωριέων
322 1037 443 1103 ἄποικοι.Ι

213 1124 402 1200 Ἐπεβάτευον
416 1125 446 1184 δὲ
459 1122 505 1182 ἐπὶ
518 1123 631 1184 πασέων
644 1127 699 1183 τῶν
716 1127 783 1183 νεῶν
801 1125 913 1200 Πέρσαι
928 1125 973 1184 καὶ
982 1129 1019 1185 96

173 1213 269 1288 Μῆδοι
280 1213 325 1272 καὶ
336 1212 433 1278 Σάκαι.
457 1210 561 1272 τούτων
571 1211 600 1270 δὲ
611 1210 714 1289 ἄριστα
724 1211 868 1274 πλεούσας
881 1214 974 1290 παρεί-

172 1327 258 1379 χοντο
272 1302 335 1365 νέας
344 1301 475 1370 Φοίνικες,
487 1300 534 1358 καὶ
543 1300 676 1360 Φοινίκων
687 1299 821 1364 ΙΣιδόνιοι.
848 1300 974 1361 τούτοισι

174 1393 254 1458 πᾶσι,
274 1389 320 1448 καὶ
339 1392 415 1448 τοῖσι
436 1393 463 1451 ἐς
482 1387 532 1449 τόν
551 1387 635 1459 πεζόν
657 1388 852 1469 τεταγμένοισι
876 1387 973 1464 αὐτῶν,

174 1480 284 1552 ἐπῆσαν
302 1475 446 1536 ἑκάστοισι
465 1475 608 1556 ἐπιχώριοι
622 1475 765 1557 ἡγεμόνες·
789 1479 844 1536 τῶν
863 1475 924 1557 ἐγιδ,
941 1474 974 1536 οὗ

173 1563 228 1644 γάρ
241 1565 378 1645 ἀναγκαίη
392 1565 538 1646 ἐξέργομαι
552 1570 579 1628 ἐς
593 1565 718 1642 ἱστορίης
730 1564 826 1644 λόγον,
842 1564 874 1624 οὔ
886 1591 974 1641 παρα-

172 1653 325 1730 μέμνημαι·
347 1651 477 1733 οὔτεγὰρ
496 1653 587 1716 ἔθνεος
607 1651 725 1712 ἑκάστου
740 1652 847 1722 ἐπάξιοι
860 1652 934 1728 ἦσαν
948 1655 975 1712 οἶ

173 1739 315 1821 ἡγεμόνες,
333 1741 362 1800 ἐν
379 1766 410 1800 τε
429 1741 500 1800 ἔθνεϊ
519 1739 627 1820 ἑκάστῳ
646 1740 765 1818 ὅσαιπερ
784 1741 888 1812 πόλιες,
907 1766 974 1801 τοσ-

174 1833 251 1888 οῦτοι
274 1829 320 1888 καὶ
343 1828 477 1910 ἡγεμόνες
497 1827 582 1905 ἦσαν·
605 1830 716 1890 εἵποντο
736 1830 765 1888 δέ
785 1829 869 1908 ὦςιοῦ
889 1856 974 1907 στρα-

173 1917 263 1997 τηγοὶ,
280 1916 345 1975 ἀλλ’
367 1916 461 1993 ὥσπερ
482 1919 509 1975 οἱ
529 1915 615 1975 ἄλλοι
631 1917 847 1994 στρατευόμενοι
868 1917 973 1976 δοῦλοι·

175 2004 241 2061 ἐπεὶ
258 2004 416 2084 στρατηγοί
435 2029 466 2062 τε
488 2005 515 2062 οἱ
537 2003 570 2063 τό
591 2009 647 2064 πᾶν
670 2007 778 2085 ἔχοντες
806 2003 905 2081 κράτος
929 2005 975 2064 καὶ

175 2089 307 2168 ἄρχοντες
332 2095 387 2150 τῶν
414 2091 512 2150 ἐθνέων
539 2091 669 2164 ἐκάστων,
697 2092 761 2152 ὅσοι
786 2091 874 2151 αότῶν
900 2091 974 2167 ἦσαν

175 2179 296 2254 Πέρσαι,
311 2177 431 2256 εἰρέαταί
441 2203 500 2255 μοι.
534 2185 590 2238 Τοῦ
604 2181 633 2239 δέ
647 2185 774 2240 ναυτικοῦ
789 2179 974 2262 ἐστρατήγεον
983 2181 1020 2240 97

175 2266 241 2327 οἶδε·
261 2266 445 2348 Ἀριαβίγνης
464 2293 495 2326 τε
515 2266 531 2326 ό
553 2269 680 2344 Δαρείου,
700 2270 745 2328 καὶ
762 2267 938 2345 Πρηξάσπης
959 2267 974 2328 ό

174 2353 357 2427 Ἀσπαθίνεω,
368 2356 413 2414 καὶ
424 2355 596 2437 Μεγάβαζος
607 2356 622 2415 ό
632 2356 817 2439 Μεγαβάτεω,
827 2356 872 2414 καὶ
879 2355 974 2436 Ἀχαι-

173 2445 257 2522 μένης
267 2445 282 2505 ό
294 2445 423 2522 Δαρείου·
440 2448 490 2520 τῆς
500 2446 551 2521 μὲν
559 2443 648 2507 Ἰάδος
657 2471 688 2504 τε
700 2445 745 2502 καὶ
755 2449 880 2521 Καρικῆς
890 2470 974 2522 στρα-

173 2536 234 2608 τιῆς
243 2532 433 2618 Ἀριαβίγνης,
447 2531 463 2592 ό
479 2532 598 2609 Δαρείου
608 2559 638 2592 τε
648 2536 714 2595 παῖς
725 2533 770 2590 καὶ
780 2537 830 2608 τῆς
838 2532 975 2609 Γωβρύεω

175 2620 320 2699 θυγατρός·
355 2621 513 2702 Αἰγυπτίων
544 2620 573 2679 δέ
605 2621 772 2702 ἐστρατήγεε
797 2620 973 2699 Ἀχαιμένης,
1048 2621 1081 2674 O

175 2707 282 2782 Ξέρξεω
299 2707 349 2768 ἐόν
367 2707 413 2767 ἀπ’
428 2707 594 2785 ἀμφοτέρων
610 2707 756 2783 ἀδελφεός·
778 2713 828 2783 τῆς
841 2707 871 2766 δὲ
884 2707 975 2784 ἄλλης

175 2797 309 2869 στρατιῆς
324 2794 511 2876 ἐστρατήγεον
525 2797 551 2856 οἱ
566 2794 624 2855 δύο.
665 2795 853 2872 τριηκόντεροι
872 2795 910 2864 δέ,
929 2795 975 2854 καὶ

175 2881 393 2959 πέντηκόντεροι,
410 2883 456 2940 καὶ
477 2883 627 2960 κέρκουροι,
650 2884 695 2942 καὶ
716 2882 866 2964 ἱππαγωγά
886 2885 974 2941 πλοῖα

174 2968 269 3045 μακρά
285 2969 458 3030 συνελθόντα
472 2975 498 3033 ἐς
512 2970 561 3030 τόν
574 2970 693 3049 α’ριθμόν
712 2969 802 3045 ἐφάνη
818 2969 973 3047 τρισχίλια.

174 3061 235 3116 Τῶν
255 3057 284 3116 δέ
305 3056 492 3117 ἐπιπλεόντων
511 3059 583 3134 μετά
599 3084 633 3140 γε
650 3059 714 3120 τούς
727 3055 902 3136 στρατηγοός
916 3055 972 3114 οἵδε
983 3059 1021 3115 98

174 3143 249 3220 ἦσαν
282 3148 309 3207 οἶ
338 3145 569 3224 ὀνομαστότατοι·
605 3145 734 3212 Σιδόνιος
761 3142 974 3219 Τετράμνηστος

173 3234 303 3364 ’ἡγήσημ
323 3235 369 3295 καὶ
385 3232 483 3311 Τύριος
500 3233 607 3311 Μάτην
622 3232 759 3320 ,Σιρώμου
781 3230 827 3289 καὶ
844 3227 973 3308 Ἀράδιος
