2294 3430
194 137 239 185 ιοι
495 132 678 182 Ἦιοιοαοτ
927 129 988 196 [vl.

191 213 370 290 Καλλίμαχε,
387 212 448 270 ἔστι
464 207 484 286 ἦ
500 211 714 270 καταδουλῶσαι
728 208 857 286 Ἀθήνας,
876 209 895 286 ἢ
916 211 991 269 ε’λευ-

191 302 272 377 θέρας
284 299 443 375 ποιήσαντα
455 298 622 375 μνημόσυνα
632 298 767 358 λιπέσθαι
780 303 807 360 ές
819 297 869 358 τόν
882 295 993 357 άπαντα

190 387 340 464 ἀνθρώπων
355 387 430 462 βίον,
448 385 494 444 οἶα
513 385 576 446 οὐδὲ
591 385 739 462 Ἁρμόδιός
755 410 786 443 τε
805 386 851 444 καὶ
863 385 993 460 Ἀριστο-

190 476 288 556 γείτων
298 474 439 534 λείπουσι·
453 477 502 532 νῦν
510 472 566 554 γάρ
577 472 619 548 δὴ,
632 472 663 542 ἐξ
671 469 703 531 οὗ
715 472 841 552 ἐγένοντο
848 471 993 549 Ἀθηναῖοι

192 567 220 626 ές
241 562 365 622 κίνδυνον
385 560 486 637 ἥκουσι
508 561 653 641 μέγιστον·
683 560 729 618 καὶ
746 558 782 636 ἦν
801 560 854 636 μέν
873 585 907 640 γε
925 560 992 619 ὑπο-

192 648 302 727 κύψωσι
314 654 390 709 τοῖσι
404 648 539 723 Μήδοισι,
554 647 680 708 δέδοκται
692 646 728 706 τά
744 647 891 707 πείσονται
904 674 993 725 παρα-

193 737 334 814 δεδομένοι
350 736 456 814 Ἱππίη·
477 733 512 811 ἢν
531 735 560 794 δὲ
576 735 753 816 περιγένηται
772 733 841 811 αὕτη
862 735 881 811 ἤ
901 736 991 808 πόλις,

192 824 237 900 οἵη
249 825 282 884 τέ
294 830 355 884 ε’στι
367 823 463 900 πρῶτη
475 826 531 882 τῶν
538 822 714 898 Ἑλληνίδων
728 823 834 882 πολίων
851 825 992 904 γενέσθαι.

192 916 245 976 κῶς
258 911 295 972 ῶν
309 911 444 988 δήτοῦτο
457 910 504 970 οἶά
515 911 548 970 τέ
561 915 623 969 έστι
640 910 779 991 γενέσθαι,
795 911 840 968 καὶ
854 916 906 974 κῶς
919 918 946 974 ές
959 914 996 972 σέ

191 1025 219 1060 τι
231 999 336 1060 τούτων
348 999 444 1075 α’νήκει
456 1003 512 1058 τῶν
524 997 694 1078 πρηγμάτων
708 996 742 1056 τό
757 1001 838 1073 κῦρος
852 999 931 1077 ἔχειν,
946 1003 995 1060 νῦν

192 1088 309 1166 ἔρχομαι
320 1087 448 1166 φράσων·
464 1086 556 1163 η’μέων
569 1090 623 1145 τῶν
637 1089 803 1164 στρατηγῶν
816 1086 915 1146 ἐόντων
929 1087 995 1146 δέκα

192 1175 258 1254 δίχα
277 1175 401 1257 γίνονται
419 1177 448 1233 αἱ
464 1179 580 1255 γνῶμαι·
601 1177 656 1232 τῶν
673 1175 724 1248 μὲν
743 1173 911 1234 κελευόντων
924 1201 994 1252 συμ-

191 1263 317 1338 βαλέειν,
340 1267 397 1323 τῶν
417 1263 446 1321 δὲ
467 1261 499 1320 οὗ
520 1259 733 1343 [συμβαλέειν]·
760 1258 795 1335 ἢν
814 1261 867 1337 μέν
886 1288 934 1322 νυν
953 1262 994 1340 μη

193 1350 395 1427 συμβάλωμεν,
411 1349 535 1424 ἔλπομαί
553 1374 615 1408 τινα
640 1347 744 1408 στάσιν
765 1348 894 1429 μεγάλην
912 1354 994 1426 ε’μπε-

193 1440 304 1496 σοῦσαν
319 1437 473 1496 διασείσειν
496 1435 531 1494 τά
552 1434 708 1510 Ἀθηναίων
726 1436 901 1513 φρονήματα,
922 1437 995 1498 ὥστε

192 1523 320 1598 μηδίσαι·
348 1521 383 1598 ἢν
404 1522 434 1580 δὲ
461 1521 656 1599 συμβάλωμεν
678 1523 744 1599 πρίν
763 1549 791 1582 τι
816 1525 861 1582 καὶ
888 1525 995 1602 σαθρόν

192 1609 346 1686 Ἀθηναίων
366 1609 569 1686 μετεξετέροισι
597 1611 768 1692 ἐγγενέσθαι,
791 1613 861 1672 θεῶν
885 1613 921 1671 τά
943 1613 995 1672 ἶσα

194 1697 339 1774 νεμόντων,
361 1697 418 1757 οἶοί
434 1721 466 1756 τε
486 1699 561 1773 εἰμὲν
581 1699 776 1779 περιγενέσθαι
792 1703 828 1778 τῇ
846 1702 995 1780 συμβολῇ.

193 1788 282 1845 ταῦτα
295 1785 331 1846 ῶν
344 1786 435 1846 πάντα
448 1790 476 1848 ἐς
488 1787 524 1844 σὲ
537 1789 586 1846 νῦν
598 1787 687 1855 τείνει,
703 1787 748 1845 καὶ
762 1793 792 1846 ἐκ
805 1788 856 1847 σέο
869 1786 994 1866 άρτηται,

193 1870 228 1948 ἢν
239 1874 295 1954 γάρ
315 1873 352 1934 m}
364 1872 461 1956 γνῶμῃ
474 1877 511 1954 τῇ
520 1877 574 1953 ε’μῇ
587 1875 710 1953 προσθῇ,
725 1875 785 1934 ἔστι
797 1901 841 1934 τοι
854 1877 953 1952 πατρίς
964 1901 996 1936 τε

195 1962 328 2039 ε’λευθέρη
342 1963 388 2021 καὶ
401 1961 485 2025 πόλις
499 1961 596 2040 πρῶτη
608 1965 664 2022 τῶν
678 1967 706 2022 έν
718 1966 755 2040 τῇ
771 1961 897 2022 Ἑλλάδι·
918 1961 953 2039 ἢν
966 1963 995 2023 δὲ

194 2048 313 2124 τὴντῶν
329 2049 563 2110 ἀποσπευδόντων
575 2049 627 2125 τὴν
640 2050 794 2126 συμβολὴν
808 2051 866 2130 ἕλῃ,
880 2050 996 2128 ὑπάρξει

151 2137 263 2197 11οτοι
280 2143 335 2197 τῶν
348 2139 402 2217 ε’γῶ
416 2138 551 2208 κατέλεξα
564 2137 678 2220 α’γαθῶν
690 2137 725 2198 τά
740 2138 872 2198 ε’ναντία.”
903 2143 996 2199 Ταῦτα

197 2224 288 2303 λέγων
309 2221 325 2282 ὁ
347 2225 505 2302 Μιλτιάδης
527 2229 703 2302 προσκτᾶται
726 2225 776 2286 τόν
796 2226 995 2306 Καλλίμαχον·
1036 2264 1040 2270 -

197 2311 425 2390 προσγενομένης
454 2311 484 2371 δὲ
514 2317 566 2372 τοῦ
591 2312 774 2392 πολεμάρχου
800 2318 850 2390 τῆς
876 2314 994 2396 γνώμης,

195 2395 345 2472 ε’κεκόρωτο
360 2397 553 2475 συμβάλλειν·
580 2401 651 2477 μετά
671 2402 708 2472 δὲ,
723 2405 750 2462 οἱ
767 2403 923 2484 στρατηγοὶ
942 2405 997 2462 τῶν

195 2482 322 2562 ἡγνιόμη
337 2485 418 2561 ἔφερε
437 2488 628 2563 συμβάλλειν,
644 2489 678 2552 ῶς
697 2489 816 2549 ἑκάστου
835 2489 925 2550 αι’πῶν
943 2490 997 2570 ε’γί-

196 2595 259 2630 νετο
275 2573 429 2649 πρυτανηίη
446 2579 497 2650 τῆς
514 2575 627 2654 ἡμέρης,
649 2577 793 2656 Μιλτιάδῃ
811 2577 998 2654 παρεδίδοσαν
1023 2573 1027 2582 ⁷

196 2656 257 2716 ὁδὶ
269 2657 414 2735 δεκόμενος
434 2661 494 2721 οὔτι
507 2689 545 2722 κω
564 2664 720 2741 συμβολήν
737 2665 868 2735 ε’ποιέετο,
882 2665 948 2742 πρίν
965 2689 999 2746 γε

197 2743 232 2820 δὴ
246 2743 331 2805 αὖτοΰ
345 2750 498 2826 πρυτανηίη
513 2751 631 2832 ἐγένετο.

152 2833 206 2891 111
250 2831 299 2896 Ὡς
311 2833 341 2892 δὲ
355 2839 382 2898 ές
395 2839 498 2897 ἐκεῖνον
510 2839 655 2915 περιῆλθε,
667 2839 786 2900 ε’νθαῧτο,
798 2838 832 2914 δη
844 2837 1000 2900 ἐτάσσοντο

199 2917 250 2980 ὧδε
275 2919 419 2998 Ἀθηναῖοι
446 2923 481 2987 ῶς
507 2927 729 3002 συμβαλέοντες·
759 2931 810 2986 τοῦ
831 2929 884 3004 μὲν
910 2927 1000 2996 δεξιοῦ

199 3010 292 3087 κέρεος
316 3009 452 3092 ἤγέετοό
476 3014 656 3094 πολέμαρχος
678 3015 876 3092 Καλλίμαχος·
907 3013 924 3074 ὅ
944 3012 1000 3094 γάρ

200 3096 285 3174 νόμος
304 3098 367 3159 τότε
388 3099 447 3178 εἶχε
463 3099 534 3158 οὕτω
554 3104 631 3159 τοῖσι
646 3101 831 3178 Ἀθηναίοισι,
849 3101 899 3161 τόν
916 3102 999 3159 πολέ-

199 3208 309 3262 μαρχον
325 3187 397 3264 ἔχειν
415 3187 495 3264 κέρας
512 3185 546 3246 τό
563 3185 660 3255 δεξιόν·
687 3188 841 3269 η’γεομένου
857 3187 887 3245 δὲ
902 3188 1001 3248 τούτου

200 3269 356 3338 ἐξεδέκοντο
374 3272 410 3339 ῶς
425 3273 592 3352 άριθμέοντο
610 3279 639 3334 αἱ
658 3276 747 3352 φυλαὶ
764 3275 894 3354 ἐχόμεναι
912 3273 998 3351 άλλη-
