2240 3424
145 100 192 146 ιιι
456 93 638 144 Ἧνοιοποτ
881 92 944 157 [ως.

143 174 208 238 ποῦς
239 174 415 252 δαινυμένους
441 173 564 250 Πέρσας,
592 171 638 229 καὶ
667 170 718 232 τάν
746 170 870 250 στρατάν
896 173 946 234 τδν

145 264 278 338 ἐλίπομεν
297 263 343 320 ἐπὶ
362 265 401 339 τῷ
420 263 537 339 ποταμῷ
557 257 845 336 στρατοπεδευόμενον
854 285 863 329 ;
884 261 947 333 τρώ-

143 377 198 411 των
215 347 324 409 πάντων
340 347 430 426 ὄψεαι,
446 347 545 428 ὀλίγου
565 347 639 410 τινὸς
656 345 759 426 χρόνου
778 347 946 424 διελθόντος,

145 438 257 518 ὀλίγους
270 436 345 500 τινάς
362 436 426 499 τούς
444 433 696 516 περιγενομένους.”
736 435 824 494 ταῦτά
839 462 870 495 τε
887 435 948 513 ἅμα

144 525 194 585 τάν
204 526 321 602 Πέρσην
334 524 436 604 λέγειν,
448 523 493 581 καὶ
506 525 629 599 μετιέναι
642 523 739 583 πολλὰ
749 527 804 583 τῶν
814 523 947 601 δακρύων·

146 611 227 675 αάτὸς
254 613 283 671 δὲ
307 611 440 689 θωμάσας
463 610 512 671 τάν
535 610 631 692 λόγον,
655 615 740 671 εἰπεῖν
762 610 831 688 πράς
852 609 947 674 αὐτόν·

146 711 164 736 “
172 700 259 760 οὐκῶν
276 699 425 778 Μαρδονίῳ
442 726 473 760 τε
493 703 581 759 ταῦτα
600 698 684 778 χρεόν
701 704 762 758 ἐστι
780 700 880 780 λέγειν,
902 701 948 760 καὶ

144 793 220 848 τοῖσι
236 787 295 865 μετ’
310 791 412 848 ἐκεῖνον
429 793 458 848 ἐν
474 789 536 864 αἴνῃ
555 791 634 846 ἐοῦσι
654 787 788 864 Περσέων
796 785 820 857 ;”
847 787 897 847 τάν
918 788 948 847 δέ

145 875 216 952 μετά
228 881 316 936 ταῦτα
333 879 427 936 εἰπεῖν·
449 886 466 910 “
475 876 551 948 ξεῖνε,
573 873 589 934 ὅ
605 901 632 934 τι
648 875 690 934 δεῖ
706 875 837 956 γενέσθαι
854 880 884 934 ἐκ
897 874 948 935 τοῦ

147 965 211 1024 θεοῦ
245 964 389 1044 ἀμήχανον
423 963 580 1041 ἀποτρέψαι
613 961 756 1041 ἀνθρώπῳ·
798 961 860 1022 οὐδὲ
892 962 949 1044 γάρ

146 1053 235 1113 πιστά
258 1053 375 1133 λέγουσι
398 1052 488 1143 ψει
510 1051 656 1140 γείθεσθαι
678 1051 773 1113 οὐδείς·
807 1054 895 1110 ταῦτα
918 1051 949 1110 δέ

146 1142 280 1217 Περσέων
309 1139 409 1219 συχνοὶ
442 1139 621 1215 ἐπισπώμενοι
656 1136 779 1215 ἑπόμεθα
812 1137 948 1219 ἀναγκαίῃ

148 1227 323 1305 ἐνδεδεμένοι·
346 1228 463 1306 ἐχθίστη
484 1227 513 1286 δέ
535 1225 617 1302 ὀδύνη
639 1226 699 1286 ἐστὶ
720 1229 775 1286 τῶν
796 1231 825 1286 ε’ν
845 1225 949 1303 ἀνθρώ-

147 1342 228 1375 ποισι
252 1315 329 1392 αὕτη,
353 1315 449 1376 πολλά
478 1316 631 1392 φρονέοντα
657 1315 773 1392 μηδενὸς
800 1315 950 1391 κρατέειν.”

146 1409 234 1464 ταῦτα
247 1407 298 1480 μὲν
311 1407 361 1464 τοῦ
380 1402 564 1482 Ὀρχομενίου
580 1402 759 1480 Θερσάνδρου
779 1401 887 1478 ἤκουον,
902 1404 949 1463 καὶ

146 1492 212 1552 τάδε
235 1492 304 1569 πρδς
329 1491 464 1561 τούτοισι,
487 1490 522 1554 ώς
542 1489 623 1554 αὗτδς
644 1490 742 1550 αὐτίκα
762 1491 842 1571 λέγοι
861 1495 950 1552 ταῦτα

147 1579 218 1656 πράς
230 1578 389 1656 ἀνθρώπους
406 1578 542 1657 πρότερον
557 1575 576 1654 ἢ
593 1579 725 1659 γενέσθαι
741 1583 770 1640 ἐν
784 1583 949 1657 Πλαταιῇσι

148 1667 198 1742 τὴν
211 1666 315 1744 μάχην.

102 1755 141 1816 17
190 1753 349 1830 Μαρδονίου
365 1752 395 1812 δέ
413 1758 442 1814 ἐν
457 1781 493 1833 τη
511 1753 630 1834 Βοιωτίη
649 1755 948 1834 στρατοπεδευομένου,

149 1843 176 1901 οἱ
201 1844 253 1918 μὲν
279 1839 364 1900 ἀλλοι
390 1843 557 1921 παρείχοντο
585 1840 704 1908 ἅπαντες
732 1843 874 1921 στρατιήν,
903 1844 949 1902 καὶ

120 1993 122 1997 ,
149 1930 346 2006 συνεσέβαλον
360 1934 387 1993 ἐς
398 1929 519 2006 Ἀθήνας
532 1929 649 2008 ὅσοιπερ
664 1931 792 2007 ἐμήδιζον
804 1929 950 2006 Ἑλλήνων

148 2021 204 2078 τῶν
221 2016 308 2096 ταύτῃ
326 2020 485 2095 οἰκημένων·
506 2023 606 2095 μοῦνοι
624 2019 653 2078 δὲ
669 2021 775 2084 Φωκέες
789 2019 821 2079 οά
835 2020 949 2080 συνεσέ·

148 2106 253 2181 βολον·
284 2104 412 2183 ἐμήδιζον
438 2105 493 2187 γάρ
520 2107 554 2182 δὴ
578 2107 693 2184 σφόδρα
718 2107 764 2165 καὶ
789 2105 874 2178 οὗτοι,
899 2105 950 2166 οὔκ

152 2193 258 2257 ἑκόντες
273 2193 338 2253 ἀλλ’
350 2191 396 2252 ἀπ’
410 2192 570 2274 ἀναγκαίης·
591 2196 714 2272 ἡμέρῃσι
728 2195 757 2254 δέ
772 2193 804 2254 οὗ
820 2197 951 2273 πολλῇσι

148 2280 220 2357 μετά
232 2281 283 2356 την
297 2279 390 2350 ἀπιξιν
403 2281 454 2357 τὴν
464 2287 492 2344 ἐς
505 2281 606 2357 Θήβας
615 2281 741 2356 ὕστερον,
756 2279 845 2354 ἦλθον
858 2280 950 2342 αὐτῶν

149 2367 263 2427 ὁπλῖται
278 2368 375 2444 χίλιοι·
396 2365 448 2447 ἦγε
465 2368 494 2428 δέ
513 2367 612 2432 αθτοάς
624 2366 797 2444 Ἁρμοκύδης
811 2365 881 2443 ἀνὴρ
894 2371 951 2427 τῶν

150 2454 244 2514 ἀστῶν
264 2454 461 2531 δοκιμώτατος·
489 2455 548 2513 ἐπεὶ
567 2456 597 2514 δὲ
617 2453 736 2514 ἀπίκατο
757 2453 804 2512 καὶ
825 2450 902 2513 οὗτοι
923 2459 951 2519 ἐς

150 2541 256 2617 Θήβας,
270 2542 383 2620 πέμψας
397 2541 412 2602 ὁ
427 2541 585 2620 Μαρδόνιος
599 2543 705 2612 ἱππέας,
717 2541 849 2602 ἐκέλευσέ
858 2547 950 2618 σφεας

150 2628 192 2688 ἐπ’
213 2632 318 2690 ἐωυτῶν
347 2634 375 2690 ἐν
402 2635 441 2709 τῷ
468 2630 551 2708 πεδίῳ
582 2630 698 2700 ἵζεσθαι·
734 2631 794 2690 ἐπεὶ
818 2631 847 2691 δὲ
876 2630 950 2690 ἐποί-

145 2743 224 2794 ησαν
244 2721 340 2788 ταῦτα,
362 2716 459 2778 αὐτίκα
480 2722 573 2794 παρῆν
595 2717 614 2795 ἠ
638 2719 721 2783 ἵππος
744 2719 851 2780 ἅπασα·
879 2717 951 2796 μετά

150 2806 296 2876 δὲταῦτα,
318 2805 445 2882 διεξῆλθε
465 2807 516 2881 μὲν
544 2805 589 2866 διά
616 2809 666 2867 τοῦ
690 2807 880 2886 στρατοπέδου
900 2810 950 2868 τοῦ

150 2892 318 2970 Ἑλληνικοῦ
350 2899 400 2954 τοῦ
430 2893 502 2971 μετὰ
533 2895 638 2971 Μήδων
669 2895 761 2960 ἐόντος
795 2896 885 2972 φήμη,
915 2893 950 2957 ώς

154 2986 327 3042 κατακοντιεῖ
345 2983 446 3060 σφέας·
474 2982 602 3060 διεξῆλθε
623 2983 652 3042 δὲ
673 2982 706 3042 δι’
727 2983 816 3045 αὐτῶν
836 2981 950 3042 Φωκέων

150 3067 237 3130 τώυτά
255 3075 347 3132 τοῦτο·
369 3072 434 3132 ἔνθα
450 3071 484 3148 δή
503 3077 560 3150 σφι
575 3071 591 3132 ὅ
610 3070 767 3152 στρατηγδς
779 3069 951 3149 Ἀρμοκύδης

152 3159 283 3234 παραίνεε
304 3159 395 3242 λέγων
414 3158 517 3221 τοιάδε·
544 3159 592 3220 “ὧ
613 3160 726 3230 Φωκέες,
746 3159 875 3238 πρόδηλα
893 3156 950 3238 γάρ

153 3237 196 3302 ὅτι
215 3243 302 3320 ἡμέας
329 3245 406 3308 οὗτοι
433 3251 460 3308 οἱ
486 3245 627 3326 ἅνθρωποι
652 3249 793 3324 μέλλουσι
819 3243 951 3324 προόπτῳ
