2204 3430
142 135 281 200 ιιι-119]
443 131 645 182 mmmm.
907 130 939 176 55

138 213 352 294 ρύσσοντεθτδ
377 218 470 294 τεῖχος
489 213 606 292 πέμπτη
626 210 694 290 μηνὶ
717 208 794 272 εἶλον
820 209 848 270 οἱ
874 209 948 288 Πέρ-

138 319 201 358 σαι.

181 383 304 461 Κύπριοι
324 386 376 462 μὲν
398 382 439 458 δὴ,
463 381 586 442 ἐνιαυτόν
608 375 748 458 ἐλεύθεροι
765 378 985 461 γενόμενοι,116

136 471 216 536 αὖτις
237 477 267 532 ἐκ
286 473 348 548 νέης
365 468 609 530 κατεδεδούλωντο.
652 468 796 546 Δαυρίσης
817 468 846 527 δέ
868 469 937 546 έχων

141 561 262 637 Δαρείου
281 560 428 640 θυγατέρα,
449 557 495 616 καὶ
515 556 616 635 Ὑμέης
637 583 668 616 τε
687 557 733 616 καὶ
753 555 872 632 Ὀτάνης
891 555 937 614 καὶ

140 645 226 707 ἄλλοι
240 649 352 724 Πέρσαι
367 645 521 726 στρατηγοὶ
540 645 648 725 ἔχοντες
664 645 710 704 καὶ
724 644 800 705 οὗτοι
818 645 937 722 Δαρείου

140 735 301 816 θυγατέρας,
312 733 501 804 ἐπιδιώξαντες
514 733 578 807 τούς
591 738 620 792 ἐν
633 732 751 810 Σάρδισι
764 757 937 810 στρατευσα-

138 823 238 898 μένους
254 821 360 891 Ἰώνων,
380 822 425 879 καὶ
446 819 630 898 ἐσαράξαντές
648 827 739 897 σφεας
761 826 788 884 ές
807 821 857 884 τάς
875 821 938 884 νέας

139 914 176 988 τῇ
194 909 273 990 μάχη
286 908 322 971 ώς
336 907 536 984 ἐπεκράτησαν,
549 907 582 966 ’τό
597 909 720 968 ἐνθεῦτεν
737 907 937 984 ἐπιδιελόμενοι

139 997 190 1060 τοὶς
211 997 294 1060 πόλις
317 996 459 1072 ἐπόρθεον.
505 997 647 1071 Δαυρίσης
672 997 724 1071 μὲν
745 994 983 1071 τραπόμενοςΠῚ

139 1083 211 1161 πρὸς
220 1084 270 1147 τοὶς
283 1090 311 1144 ἐν
325 1082 529 1162 Ἑλλησπόντῳ
542 1081 634 1152 πόλις,
649 1082 706 1141 εἷλε
719 1083 771 1158 μὲν
783 1081 937 1159 Δάρδανον,

141 1172 200 1231 εἷλε
213 1170 377 1249 δὲ”Αβυδόν
389 1197 421 1231 τε
434 1169 480 1230 καὶ
494 1169 644 1248 Περκώτην
658 1169 703 1228 καὶ
715 1169 873 1248 Λάμψακον
892 1171 937 1229 καὶ

142 1260 264 1320 Παισόν·
284 1259 386 1323 ταύτας
400 1262 452 1337 μὲν
466 1257 508 1318 ἐπ’
521 1257 626 1336 ήμέρης
643 1256 763 1334 ἑκάστης
776 1258 860 1335 αἵρεε·
881 1258 937 1335 α’πό

141 1348 171 1406 δέ
185 1353 298 1408 Παισοῦ
312 1347 458 1408 ἐλαύνοντί
477 1349 504 1406 οἱ
524 1347 570 1406 ἐπὶ
584 1346 692 1424 Πάριον
705 1345 790 1407 πόλιν
802 1345 873 1422 ἦλθε
886 1346 936 1427 οἶγ-

141 1437 230 1514 γελίη,
245 1437 309 1500 τούς
322 1439 421 1513 Κᾶρας
437 1434 527 1496 τώντό
538 1433 620 1494 Ἴωσι
634 1434 832 1518 φρονήσαντας
848 1434 936 1495 α’πεσ-Ι

141 1523 221 1584 τάναι
233 1523 288 1584 άπό
299 1525 442 1601 Περσέων·
463 1523 645 1602 ἀποστρέψας
655 1523 692 1584 ὧν
705 1529 735 1582 ἐκ
748 1527 798 1584 τοῦ
810 1523 935 1600 Ἑλλησ-

142 1611 244 1671 πόντου
258 1611 362 1688 ἥλαυνε
377 1611 427 1672 τόν
443 1611 566 1689 στρατόν
583 1611 628 1670 ἐπὶ
641 1612 693 1688 την
706 1613 822 1690 Καρίην.
856 1613 917 1671 Καί
926 1613 984 1671 118

142 1725 193 1763 κως
205 1703 293 1780 ταῦτα
304 1703 381 1774 τοῖσι
394 1700 490 1778 Καρσὶ
504 1700 661 1781 ἐξαγγέλθη
677 1699 813 1778 πρότερον
832 1701 898 1777 πρὶν
918 1698 945 1775 ἢ

141 1786 190 1847 τόν
212 1788 356 1864 Δαυρίσην
380 1787 538 1852 ἀπικέσθαι·
559 1787 711 1865 πυθόμενοι
734 1789 764 1847 δὲ
787 1791 814 1847 οἱ
834 1791 936 1864 Κᾶρες,
1000 1857 1002 1860 ¹

142 1875 324 1955 συνελέγοντο
343 1873 389 1932 ἐπὶ
401 1873 508 1936 Λευκάς
522 1900 554 1934 τε
568 1875 680 1949 Στήλας
700 1876 869 1950 καλεομένας
890 1875 937 1934 καὶ

141 1961 268 2038 ποταμόν
280 1959 430 2037 Μαρσύην·
452 1960 482 2022 ὃς
494 1959 562 2036 ῥέων
581 1966 611 2018 ἐκ
628 1965 679 2036 τῆς
693 1960 826 2038 Ἰδριάδος
845 1961 938 2039 χώρης

142 2053 170 2110 ἐς
193 2047 242 2107 τόν
268 2046 429 2122 Μαίανδρον
456 2046 565 2106 ἐκδιδοῖ·
592 2048 804 2126 συλλεχθέντων
831 2048 860 2106 δὲ
882 2053 938 2110 τῶν

143 2138 245 2212 Καρῶν
265 2133 390 2202 ἐνθαῦτα,
407 2133 531 2214 ἐγίνοντο
548 2135 654 2210 βουλαὶ
676 2134 763 2194 ἄλλοι
777 2162 809 2196 τε
828 2139 936 2196 πολλοὶ

142 2223 189 2284 καὶ
210 2222 312 2301 ἀρίστη
328 2247 361 2303 γε
380 2221 517 2283 δοκέουσα
539 2221 607 2282 εἶναι
625 2224 687 2300 ἐμοὶ
704 2223 867 2308 Πιξωδάρου
887 2230 937 2286 τοῦ

142 2311 314 2382 Μαυσώλου,
330 2308 430 2388 α’νδρός
443 2311 583 2381 Κινδυέος,
598 2309 628 2375 ὃς
644 2315 694 2372 τοῦ
708 2313 832 2391 Κιλίκων
849 2315 935 2390 βασι-

140 2402 206 2464 λέος
219 2400 381 2466 Συεννέσιος
403 2399 460 2479 εἶχε
482 2400 628 2481 θυγατέρα·
649 2400 749 2462 τούτου
769 2407 819 2461 τοῦ
840 2401 938 2480 ἀνδρός

140 2489 160 2566 ἦ
172 2489 268 2572 γνώμη
289 2490 379 2565 ἔφερε,
394 2487 545 2564 διαβάντας
561 2487 611 2549 τόν
624 2489 786 2566 Μαίανδρον
801 2489 865 2554 τούς
879 2495 938 2550 Καῖ-

140 2603 191 2653 ρας
204 2578 250 2637 καὶ
263 2575 334 2636 κατά
347 2574 434 2636 νώτου
449 2577 562 2655 ἔχοντας
574 2576 624 2637 τόν
636 2577 764 2655 ποταμόν
778 2577 848 2638 οὕτω
866 2605 937 2656 συμ-

140 2665 272 2740 βάλλειν,
293 2665 337 2725 ἵνα
357 2662 398 2741 μή
421 2664 530 2742 ἔχοντες
547 2663 638 2724 όπίσω
662 2665 776 2746 φεύγειν
798 2668 824 2724 οἱ
846 2670 939 2744 Κᾶρες

141 2752 225 2812 αὐτοῦ
246 2779 277 2812 τε
299 2753 391 2828 μένειν
411 2751 630 2833 ἀναγκαζόμενοι
650 2753 779 2836 γενοίατο
802 2754 841 2813 ἐτι
863 2753 939 2830 α’μεί-

141 2864 217 2901 νονες
229 2843 280 2914 τῆς
293 2839 406 2915 φύσιος.
441 2839 510 2916 αὕτη
523 2841 574 2916 μέν
587 2867 636 2901 νυν
649 2839 699 2900 οόκ
713 2843 788 2900 ε’νίκα
800 2841 819 2916 ή
832 2840 937 2921 γνώμη,

141 2924 219 2985 άλλοὶ
238 2931 316 2985 τοῖσι
329 2927 462 3005 Πέρσησι
476 2928 545 2988 κατά
559 2928 646 2988 νώτου
658 2929 786 3010 γίνεσθαι
802 2927 852 2987 τόν
866 2929 939 2984 Μαί-

113 3009 116 3016 ’
141 3014 241 3092 ανδρον
253 3017 368 3091 μᾶλλον
380 3012 399 3089 ἢ
412 3017 508 3090 σφίσι·
530 3017 645 3092 δηλαδὴ,
660 3016 694 3092 ἢν
708 3015 785 3095 φυγὴ
798 3017 853 3072 τῶν
866 3017 939 3084 Περ

141 3103 213 3164 σέων
232 3103 347 3184 γένηται
366 3102 416 3160 καὶι
436 3105 598 3165 ἑσσωθέωσι
618 3109 654 3183 τῇ
673 3105 818 3180 συμβολῇ,
836 3097 870 3158 ὦς
889 3095 939 3153 οὐκ

140 3189 374 3269 ἀπονοστήσουσι
388 3194 415 3252 ἐς
423 3191 472 3251 τόν
485 3193 612 3269 ποταμόν
620 3193 810 3252 ἐσπίπτοντες·
838 3181 980 3271 Meum&

140 3277 179 3349 δέ,
200 3279 359 3359 παρεόντων
380 3278 427 3337 καὶ
450 3279 608 3355 διαβάντων
631 3279 681 3338 τόν
702 3271 863 3347 Μαίανδρον
884 3272 940 3330 τῶν
