2204 3430
143 124 174 171 ου
455 116 639 166 Ἥνοιουου
881 111 942 175 [vl.

131 197 338 275 ,ἀναλαβόντας
360 195 396 258 τά
421 195 497 257 ὅπλα
519 196 631 274 χωρέειν
656 198 683 257 ἐς
705 192 770 255 τοῦς
789 189 940 272 Ἀργείους.

142 290 231 346 ταῦτα
252 285 298 343 καὶ
318 286 422 366 ἐγίνετο
439 284 568 342 ἐπιτελέα
586 287 616 341 ἐκ
631 285 686 342 τῦν
708 279 940 356 Λακεδαιμονίων.

144 371 260 450 άριστον
280 371 335 453 γάρ
357 371 546 447 ποιευμένοισι
567 373 644 429 τοῖσι
664 367 818 448 Ἀργείοισι
841 371 871 426 ἐκ
891 374 942 428 τοῦ

144 457 318 539 κηρύγματος
339 459 478 517 ἐπεκέατο·
503 457 549 517 καὶ
569 455 694 518 πολλοῦς
713 458 765 532 μὲν
785 454 941 530 ἐφόνευσαν

144 546 241 616 αὐτῶν,
254 549 354 624 πολλῷ
367 543 389 604 δ’
405 546 444 605 ἔτι
454 549 575 607 πλεῦνος
588 549 616 608 ἐς
628 543 661 604 τό
672 543 762 606 άλσος
774 546 824 602 τοῦ
834 542 941 623 Ἀργου

95 634 131 692 ἱ9
144 632 354 713 καταφυγόντας
374 631 558 710 περιῖζόμενοι
580 630 756 707 ἐφύλασσον.
797 628 941 690 Ἐνθεῦτεν

143 719 172 778 δὲ
185 719 201 779 ό
212 721 374 796 Κλεομένης
388 720 477 780 ἐποίεε
489 719 606 779 τοιόνδε·
627 719 697 798 ἔχων
710 715 882 794 αὐτομόλους
895 715 940 778 ἀν-

145 807 210 883 δρας
237 807 283 866 καὶ
304 807 509 884 πυνθανόμενος
534 806 646 876 τούτων,
675 805 802 874 ἐξεκάλεε
824 805 941 882 πέμπων

143 895 249 973 κήρυκα
273 894 411 972 ὀνομαστὶ
431 897 521 976 λέγων
543 897 599 954 τῶν
619 893 751 975 Ἀργείων
773 890 838 954 τοῦς
856 896 885 952 ἐν
902 899 940 972 τῷ

142 985 190 1062 ἱρῷ
206 982 402 1063 ἀπεργμένους·
431 982 558 1052 ἐξεκάλεε
573 983 610 1052 δέ,
629 981 685 1056 φάς
705 980 794 1040 αῦτῶν
813 981 885 1059 ἔχειν
904 982 939 1040 τοὶ

142 1068 252 1130 ἄποινα·
273 1068 374 1130 ἄποινα
391 1069 421 1128 δέ
436 1075 497 1128 ἐστι
514 1069 772 1144 Πελοποννησίοισι
791 1067 839 1126 δύο
858 1069 938 1144 μνέαι
984 1073 987 1079 ’

141 1157 307 1238 τεταγμέναι
331 1156 389 1216 κατ’
411 1155 498 1233 ἄνδρα
519 1156 697 1235 αἰχμάλωτον
719 1157 841 1215 ἐκτίνειν·
869 1157 938 1216 κατοὶ

140 1244 312 1319 πεντήκοντα
332 1244 366 1318 δή
388 1243 425 1303 ιῦν
444 1247 498 1303 τῶν
521 1241 661 1323 Ἀργείων,
682 1241 717 1306 οἱς
743 1241 876 1306 ἑκάστους
897 1249 937 1302 ἐκ-

143 1330 317 1408 καλεύμενος,
345 1330 362 1389 ό
389 1331 551 1406 Κλεομένης
578 1330 687 1388 ἔκτεινε·
717 1333 805 1389 ταῦτα
831 1329 862 1390 δέ
887 1357 938 1394 κως

139 1417 272 1498 γινόμενα
288 1416 420 1492 ἐλελήθεε
436 1416 500 1479 τοῦς
516 1417 633 1479 λοιπούς
648 1416 712 1479 τοῦς
729 1419 758 1475 ἐν
773 1420 810 1495 τῷ
822 1417 937 1494 τεμένεϊ·

140 1503 189 1563 ἅτε
208 1503 263 1584 γάρ
284 1507 389 1563 πυκνοῦ
411 1502 503 1566 ἐόντος
523 1507 574 1563 τοῦ
596 1501 707 1573 άλσεος,
732 1502 782 1563 οῦκ
810 1503 885 1578 ὥρων
911 1510 938 1566 οἱ

143 1589 219 1654 ἐντός
228 1590 292 1652 τοῦς
303 1589 381 1653 ἐκτός
395 1589 410 1649 ό
423 1616 450 1649 τι
464 1591 616 1668 ἔπρησσον,
626 1591 692 1668 πρίν
704 1616 738 1672 γε
748 1591 781 1666 δή
796 1593 884 1652 αὐτῶν
896 1618 940 1656 τις

142 1677 252 1754 ἀναβάς
266 1679 311 1736 ἐπὶ
324 1678 434 1754 δένδρος
447 1678 554 1738 κατεῖδε
566 1677 598 1738 τό
612 1677 784 1756 ποιεύμενον·
806 1677 893 1740 οῦκων
903 1679 948 1756 δή

94 1775 133 1830 80
141 1767 181 1824 ἔτι
198 1765 362 1841 καλεόμενοι
379 1765 506 1845 ἐξῄεσαν.
546 1764 684 1826 Ἐνθαῦτα
698 1765 731 1842 δή
746 1765 761 1826 ό
776 1767 938 1843 Κλεομένης

142 1853 252 1912 ἐκέλευε
271 1853 363 1914 πάντα
382 1854 444 1914 τινοὶ
463 1857 519 1914 τῶν
535 1853 667 1912 εἱλωτέων
682 1853 815 1929 περινέειν
830 1853 884 1931 ὕλη
903 1853 937 1914 τό

139 1939 238 2004 άλσος·
258 1945 313 2001 τῦν
327 1941 357 2001 δέ
370 1943 547 2018 πειθομένων,
563 1941 697 2018 ἐνέπρησε
706 1939 739 2000 τό
750 1939 848 2003 άλσος·
863 1966 936 2000 καιο-

138 2029 222 2104 μένου
236 2029 265 2088 δέ
277 2029 338 2106 ἤδη,
354 2031 476 2106 ἐπείρετο
488 2033 544 2089 τῶν
556 2054 617 2088 τινα
628 2027 797 2104 αῦτομόλων,
808 2028 882 2090 τίνος
894 2027 935 2106 εἴη

140 2117 208 2176 θεῶν
227 2116 261 2177 τό
281 2116 387 2186 άλσος;
413 2116 429 2176 ό
453 2117 483 2176 δὲ
506 2117 560 2192 ἔφη
579 2115 685 2196 Ἄργου
707 2114 784 2174 εἶναι·
809 2115 825 2174 ό
849 2115 879 2174 δὲ
901 2116 936 2182 οἱς

137 2202 249 2277 ἤκουσε,
263 2202 451 2272 ἀναστενάξας
466 2204 539 2283 μέγα
560 2203 628 2261 εἶπε·
650 2201 697 2261 “ὦ
709 2201 856 2262 ’Ἄπολλον
868 2229 935 2282 χρη-

139 2290 245 2366 στήριε,
269 2287 287 2365 ἦ
311 2290 440 2370 μεγάλως
462 2315 499 2366 με
522 2288 666 2365 ἠπάτηκας
690 2289 813 2366 φάμενος
831 2289 936 2371 Ἀργος

139 2376 274 2453 αἱρήσειν·
300 2376 508 2454 συμβάλλομαι
528 2375 551 2435 δ’
573 2377 678 2453 ἐξήκειν
697 2403 747 2454 μοι
766 2376 799 2436 τό
812 2378 934 2456 χρηστή-

90 2462 224 2542 81ριον.”
266 2463 347 2523 Μετιὶ
368 2463 397 2523 δέ
416 2468 512 2534 ταῦτα,
527 2463 543 2524 ό
557 2465 719 2542 Κλεομένης
731 2464 783 2540 τήν
795 2467 846 2540 μέν
859 2466 935 2524 πλέω

139 2550 274 2628 στρατιήν
301 2549 390 2627 α’πῆκε
414 2551 523 2611 ἀπιέναι
551 2556 578 2615 ἐς
602 2551 743 2629 Σπάρτην·
770 2551 879 2630 χιλίους
905 2551 936 2611 δὲ

138 2638 221 2702 αῦτῦς
242 2638 341 2716 λαβοὶν
359 2637 425 2702 τοῦς
443 2638 573 2716 ἀριστέας
591 2637 635 2714 ήϊε
654 2643 681 2702 ἐς
698 2637 731 2698 τῦ
752 2637 868 2715 Ἡραῖον
889 2638 935 2699 θύ-

137 2751 204 2786 σων·
230 2725 408 2803 βουλόμενον
431 2726 461 2806 δέ
484 2725 568 2786 αῦτδν
593 2725 666 2786 θύειν
690 2726 735 2784 ἐπὶ
761 2729 812 2785 τοῦ
834 2727 935 2804 βωμοῦ

139 2813 154 2874 ό
170 2813 241 2892 ἱρεῦς
256 2813 419 2895 ἀπηγόρευε,
435 2813 491 2890 φάς
505 2814 554 2873 οῦκ
569 2813 648 2874 ὅσιον
665 2812 733 2873 εἶναι
747 2812 824 2892 ξείνῳ
838 2812 935 2874 αῦτόθι

137 2901 220 2963 θύειν·
242 2901 258 2962 ὁ
279 2902 308 2961 δέ
322 2904 484 2979 Κλεομένης
501 2901 550 2962 τόν
570 2901 630 2979 ἱρέα
648 2901 758 2960 ἐκέλευε
777 2900 841 2964 τοῦς
857 2901 933 2960 εἵλω

135 3016 185 3055 τας
207 2989 263 3052 ἀπό
287 2993 336 3050 τοῦ
360 2991 460 3066 βωμοῦ
484 2989 643 3071 ἀπάγοντας
669 2991 859 3069 μαστιγοῦσαι·
888 2989 934 3047 καὶ

137 3077 219 3143 αῦτῦς
239 3079 329 3149 ἐθυσε,
344 3075 467 3154 ποιήσας
487 3077 516 3136 δέ
536 3081 623 3137 ταῦτα
640 3075 723 3152 ἀτήὶε
737 3081 764 3138 ἐς
776 3075 828 3151 τήν
841 3073 933 3152 Σπάρ-

111 3167 195 3241 ςἱτην.
236 3166 429 3244 Νοστήσαντα
451 3165 482 3225 δέ
502 3191 550 3242 μιν
573 3164 682 3245 ῦπῆγον
707 3168 732 3223 οἱ
757 3159 853 3241 ἐχθροὶ
877 3161 932 3222 ἀπό

135 3253 199 3318 τοῦς
214 3255 338 3335 ἐφόρους,
357 3254 480 3332 φάμενοί
488 3278 538 3329 μιν
554 3251 784 3328 δωροδοκήσαντα
802 3247 853 3308 οῦκ
874 3249 932 3307 έλέ·
