2294 3430
180 100 225 148 120
482 101 665 150 ἨΡΟΔΟΤΟΤ
898 100 975 164 [vu.
1044 91 1047 96 ¹

177 203 259 255 μενος
281 178 348 256 παρ’
370 177 444 257 αὗτῷ
463 180 600 259 μέγιστον
620 179 754 261 Περσέων
776 177 937 256 Μαρδόνιος
960 208 976 240 ο

177 264 323 342 Γοβρύεω,
351 265 382 330 ὃς
407 265 443 342 ἦν
469 267 559 344 Ξέρξη
584 269 636 344 μὲν
663 266 775 346 ἀνεψιός
802 268 922 345 Δαρείου
948 268 978 328 δὲ

179 350 320 430 άδελφεῆς
332 353 405 424 πάϊς,
415 354 541 414 τοιούτου
554 354 643 436 λόγου
657 357 755 434 εἴχετο,
766 357 866 437 λέγων·
889 363 906 391 “
915 357 976 416 δέσ·

175 465 257 512 ποτα,
272 439 322 501 οόκ
336 440 409 505 οἰκός
419 446 481 502 ε’στι
490 440 653 518 Ἀθηναίους
663 445 869 524 ἐργασαμένους
880 443 978 504 πολλὰ

175 528 229 605 ἤδη
242 527 313 588 κακά
327 529 451 606 Πέρσας,
464 529 505 606 μή
519 529 551 588 οὗ
566 531 659 590 δοῦναι
673 531 750 596 δίκας
762 534 817 592 τῶν
830 533 976 608 ἐποίησαν·

176 615 253 676 άλλά
271 617 305 678 τό
324 619 376 694 μὲν
395 621 444 678 νῦν
463 622 551 678 ταῦτα
568 617 711 696 πρήσσοις
737 619 825 696 τάπερ
847 623 876 680 έν
892 621 977 699 χερσὶ

175 705 255 783 ἔχεις·
268 705 416 782 ἡμερώσας
426 706 455 765 δὲ
465 705 608 787 Αἴγυπτον
620 706 672 783 τήν
685 706 879 784 ἐξυβρίσασαν
890 733 975 784 στρα-

174 792 292 868 τηλάτεε
311 794 357 852 ε’πὶ
374 793 425 856 τάς
442 793 570 870 Ἀθήνας,
587 794 632 854 ἵνα
647 793 733 876 λόγος
745 795 777 853 τέ
790 821 826 854 σε
840 796 890 874 ἔχῃ
905 795 977 873 πρός

175 877 327 958 ἀνθρώπων
346 879 451 962 ἀγαθός
472 882 520 942 καί
533 907 575 944 τις
589 880 708 959 ὕστερον
724 881 911 958 φυλάσσηται
930 886 976 944 ε’πὶ

174 971 229 1048 γῆν
245 969 298 1046 τήν
313 969 370 1045 σήν
385 967 614 1047 στρατείεσθαι.”
656 968 737 1032 οὗτος
754 971 806 1047 μέν
820 973 847 1029 οἱ
860 970 876 1030 ό
890 971 976 1052 λόγος

174 1054 210 1131 ἦν
228 1057 356 1134 τιμωρός·
382 1061 433 1118 τοῦ
453 1057 483 1118 δὲ
502 1057 591 1138 λόγου
616 1057 793 1134 παρενθήκην
814 1059 976 1119 ποιεέσκετο

174 1141 263 1219 τήνδε,
279 1144 315 1208 ὥς
331 1145 351 1221 ή
367 1144 489 1222 Εόρῶπη
505 1143 679 1222 περικαλλὴς
694 1143 779 1223 χάρη,
800 1146 846 1204 καὶ
865 1147 976 1223 δένδρεα

173 1236 293 1292 παντοῖα
306 1233 386 1310 φέρει
397 1232 433 1294 τά
447 1233 546 1310 ἥμερα,
560 1231 662 1309 άρετήν
675 1258 706 1294 τε
719 1231 798 1308 άκρη,
811 1234 933 1308 βασιλέϊ
944 1261 976 1295 τε

141 1318 264 1398 6μοόνιρ
291 1321 398 1395 θνητῶν
425 1319 489 1395 οἷξίη
517 1320 661 1394 ἐκτῆσθαι.
703 1323 796 1379 Ταῦτα
824 1322 903 1402 ἔλεγε
918 1323 976 1382 οἶα

174 1408 311 1483 νεωτέρων
338 1407 423 1486 ἔργων
447 1406 618 1483 ἐπιθυμητής
642 1407 693 1467 ἔών
715 1407 761 1466 καὶ
783 1408 872 1468 θέλων
893 1407 976 1473 αὐτός

173 1497 223 1568 ιῆς
235 1492 374 1554 Ἑλλάδος
392 1491 518 1571 ὕπαρχος
534 1494 610 1568 εἶναι,
630 1493 721 1573 χρόνῳ
736 1494 765 1553 δὲ
780 1496 974 1576 κατεργάσατό

173 1605 204 1638 τε
223 1580 269 1640 καὶ
287 1579 416 1640 αἷνέπεισε
434 1581 539 1657 Ξέρξεα
557 1579 631 1640 ὥστε
652 1584 755 1642 ποιέειν
772 1587 869 1642 ταῦτα·
895 1585 973 1644 συνέ-

174 1669 251 1744 λαβε
273 1666 327 1747 γάρ
352 1667 398 1726 καὶ
421 1665 498 1727 ἄλλα
520 1671 546 1728 αἱ
569 1668 707 1748 σύμμαχα
733 1670 868 1751 γενόμενα
892 1677 920 1736 ές
941 1672 974 1732 τό

174 1754 321 1815 πείθεσθαι
341 1753 455 1831 Ξέρξεα·
479 1759 563 1816 τοῦτο
584 1757 636 1834 μὲν
660 1756 715 1816 α’πό
739 1761 789 1832 τῆς
811 1762 974 1836 Θεσσαλίης

174 1842 250 1920 παραὶ
263 1845 318 1902 τῶν
326 1840 496 1903 Ἀλευαδέων
507 1842 655 1924 ἀπιγμένοι
663 1842 781 1925 ἄγγελοι
792 1846 974 1907 ἐπεκαλέοντο

173 1929 309 2006 βασιλέα,
333 1934 430 1992 πᾶσαν
453 1931 610 2008 προθυμίην
634 1931 828 2012 παρεχόμενοι,
854 1935 899 1992 ε’πὶ
921 1933 974 2010 τήν

120 2074 122 2078 .
173 2018 309 2078 Ἑλλάδα·
339 2021 366 2078 οἱ
389 2019 419 2078 δὲ
441 2018 590 2078 Ἀλευάδαι
612 2018 687 2082 οὗτοι
711 2017 785 2094 ἦσαν
812 2023 974 2097 Θεσσαλίης

173 2107 318 2182 βασιλέες.
344 2111 427 2167 τοῦτο
452 2107 482 2166 δὲ
506 2106 760 2184 Πεισιστρατιδέων
783 2109 809 2166 οἱ
831 2106 973 2185 άναβεβη-

174 2193 252 2257 κότες
279 2199 306 2256 ές
333 2196 438 2264 Σοῦσα,
465 2197 520 2253 τῶν
550 2219 581 2254 τε
611 2193 700 2254 αὐτῶν
726 2193 818 2276 λόγων
846 2195 974 2275 ε’χόμενοι

172 2284 227 2342 τῶν
256 2281 302 2340 καὶ
329 2283 356 2340 οἱ
381 2279 539 2341 Ἀλευάδαι.
560 2283 606 2340 καὶ
632 2281 666 2356 δή
692 2307 720 2341 τι
749 2281 819 2358 πρός
848 2283 974 2344 τούτοισι

172 2368 213 2428 ἔτι
236 2367 324 2427 πλέον
346 2366 557 2448 προσορέγοντό
579 2373 613 2437 οἶ,
635 2372 744 2447 ἔχοντες
764 2368 972 2447 Ὀνομάκριτον,

172 2455 258 2533 ἄνδρα
266 2454 423 2530 Ἀθηναῖον,
438 2455 641 2536 χρησμολόγον
656 2482 686 2516 τε
702 2458 747 2516 καὶ
761 2457 890 2532 διαθέτην
907 2485 972 2538 χρηε

173 2546 252 2621 σμῶν
265 2546 319 2602 τῶν
333 2542 490 2600 Μουσαίου.
512 2541 731 2617 ἀναβεβήκεσαν
744 2545 799 2624 γάρ
812 2545 863 2620 τήν
875 2547 974 2623 ἔχθρην

173 2629 461 2707 προκαταλυσάμενοι·
494 2630 636 2706 ἐξηλάσθη
659 2631 713 2712 γάρ
738 2631 791 2690 ὖπδ
819 2631 974 2712 Ἱππάρχου

171 2721 221 2776 τοῦ
241 2717 448 2796 Πεισιστράτου
466 2716 481 2776 ό
498 2717 698 2798 Ὀνομάκριτος
715 2721 746 2789 ἐξ
764 2718 913 2796 Ἀθηνέων,
933 2719 974 2780 ἐπ’

172 2804 324 2886 αὐτοφώρῳ
338 2806 423 2870 άλούς
433 2805 487 2864 όπδ
497 2807 596 2868 Λάσου
606 2813 655 2868 τοῦ
666 2807 827 2884 Ἑρμιονέος
841 2809 975 2885 ἐμποιέων

173 2897 200 2956 ές
214 2893 250 2954 τά
266 2898 414 2956 Μουσαίου
428 2897 565 2974 χρησμόν,
583 2897 616 2960 ὦς
635 2900 664 2956 αἱ
682 2897 727 2955 ε’πὶ
741 2896 857 2973 Λήμνου
878 2898 975 2956 ε’πικεί-

172 3007 253 3056 μεναι
273 2986 356 3060 νῆσοι
377 2982 557 3059 ἀφανιζοίατο
580 2985 650 3043 κατοὶ
670 2989 720 3060 τῆς
743 2983 903 3060 θαλάσσης·
931 2983 974 3042 διδ

172 3069 294 3144 ε’ξήλασέ
314 3097 362 3148 μιν
382 3070 398 3132 ό
420 3071 585 3150 Ἵππαρχος,
608 3073 742 3150 πρότερον
763 3071 920 3150 χρεώμενος
940 3071 975 3126 τὰ

171 3157 306 3231 μάλιστα.
340 3159 403 3220 τότε
417 3159 446 3218 δὲ
461 3161 630 3234 συναναβὰς,
647 3160 714 3222 ὅκως
728 3159 855 3218 άπίκοιτο
873 3161 899 3218 ές
910 3155 975 3232 ὄψιν

173 3245 223 3318 τήν
242 3249 389 3323 βασιλέος,
410 3245 549 3332 λεγόντων
563 3248 617 3304 τῶν
633 3241 888 3320 Πεισιστρατιδέων
910 3244 974 3320 περὶ
