2294 3430
119 123 126 135 ·
207 114 316 176 92-97]
561 112 674 162 αυκαο.
976 109 1007 159 οι

205 194 261 271 γῆν
272 215 304 252 τε
318 185 365 251 καὶΙ
376 189 457 270 ὕδωρ.
499 191 660 270 Μαρδόνιον
677 191 729 268 μὲν
743 188 777 267 δή
792 188 924 267 φλαύρως
936 186 1006 265 πρή-

207 278 293 348 ξαντα
312 283 350 358 τῷ
369 278 465 359 στόλῳ
478 278 617 357 παραλύει
635 282 686 354 τῆς
699 277 877 357 στρατηγίης·
898 273 1006 340 ἄλλους

159 363 189 442 j
206 365 238 426 δέ
257 367 432 448 στρατηγούς
445 365 744 436 άποδέξαςάπέστειλε
761 365 809 425 ἐπί
818 389 850 422 τε
862 362 1006 441 Ἐρέτριαν

207 453 254 512 καὶ
266 453 395 530 Ἀθήνας,
410 454 499 514 Δᾶτίν
518 479 549 512 τε
564 453 646 514 ἐόντα
658 453 758 528 Μῆδον
777 451 865 533 γένος,
880 450 926 510 καὶ
940 449 1005 528 Ἀρ-

160 555 199 621 J
206 542 346 618 ταφέρνεα
366 541 416 602 τόν
431 540 636 618 Ἀρταφέρνεος
652 531 742 600 Ιπαῖδα
761 538 928 616 ἀδελφιδέον
943 542 1005 597 ἐωυ-

205 632 265 688 τοῦ·
290 628 479 704 ἐντειλάμενος
500 628 530 687 δέ
550 628 698 705 ἀπέπεμπε
719 626 1005 704 ἐξανδραποδίσαντας

169 728 198 834 7
206 712 327 791 Ἀθήνας
347 716 393 775 καὶ
412 715 563 793 Ἐρέτριαν,
578 716 655 797 ἄγειν
671 719 759 793 ἑωυτῷ
779 718 807 777 ἐς
825 713 891 788 ὄψιν
906 713 942 774 τά
958 712 1003 774 άν-

206 802 340 880 δράποδα.
381 803 429 868 Ὡς
442 804 472 864 δέ
486 807 513 863 οἶ
526 803 680 884 στρατηγοὶ
694 801 770 863 οὗτοι
791 805 818 862 οἱ
837 800 1003 880 άποδεχθέν-
1013 803 1052 864 95

165 908 193 1018 φ
205 915 259 960 τες,
273 890 455 969 πορευόμενοι
471 889 548 967 παρά
560 891 700 966 βασιλέος
713 889 846 949 ἀπίκοντο
858 892 909 964 τῆς
922 892 1004 948 Κιλι-

206 978 267 1054 κίης
277 983 305 1042 ἐς
316 979 350 1040 τό
362 978 480 1056 Ἀλήϊον
492 979 595 1048 πεδίον,
606 976 665 1056 ἅμα
678 976 810 1058 ἀγόμενοι
823 977 906 1048 πεζὸν
919 1002 1005 1053 στρα·

158 1079 194 1156 μγ
205 1064 256 1126 τόν
273 1067 383 1128 πολλόν
398 1094 430 1128 τε
450 1068 496 1126 καὶ
513 1065 542 1126 εὖ
556 1065 770 1142 ἐσκευασμένον,
785 1065 903 1125 ἐνθαῦτα
919 1089 1004 1141 στρα-

205 1154 448 1232 τοπεδευομένοισι
461 1155 568 1231 ἐπῆλθε
581 1155 632 1231 μὲν
645 1151 661 1213 ό
675 1152 802 1215 ναυτικὰς
814 1155 869 1214 πᾶς
883 1151 1003 1227 στρατός

144 1241 193 1324 Ι]
207 1238 224 1298 ό
236 1243 392 1321 ἐπιταχθεὶς
406 1242 559 1303 ἑκάστοισι·
579 1241 765 1322 παρεγένοντο
777 1239 864 1300 δὲκαὶ
877 1241 907 1298 αἱ
920 1241 1004 1298 ἱππα-

205 1328 293 1407 γωγοὶ
308 1331 370 1401 νέες,
384 1330 434 1394 τοὶς
446 1334 485 1410 τῷ
497 1331 621 1409 προτέρῳ
635 1330 688 1389 έτεῖ
708 1330 824 1405 προεῖπε
844 1329 921 1387 τοῖσι
941 1331 1003 1387 ἑωυ-

148 1419 211 1491 ss
205 1420 255 1475 τοῦ
276 1417 487 1496 δασμοφόροισι
500 1423 618 1496 Δαρεῖος
638 1416 801 1496 ἑτοιμάζειν.
843 1415 1003 1493 ἐσβαλόμε-

205 1528 248 1563 νοι
261 1505 290 1564 δέ
302 1506 367 1570 τούς
380 1507 480 1570 ἵππους
493 1513 521 1570 ἐς
533 1505 635 1570 ταύτας
649 1507 698 1588 καὶΙ
706 1505 757 1566 τόν
776 1506 861 1579 πεζόν
881 1503 1003 1581 στρατόν

155 1600 195 1718 [φ
206 1593 415 1669 ἐσβιβάσαντες
429 1599 456 1658 ἐς
475 1594 525 1658 τάς
545 1595 615 1666 νέας,
630 1594 729 1654 ἑπλεον
748 1594 912 1673 ἑξακοσίῃσι
927 1590 1003 1669 τριή-

205 1704 268 1756 ρεσι
282 1685 309 1744 ἐς
321 1681 372 1757 τήν
384 1681 500 1759 Ἰωνίην.
541 1682 665 1742 ἐνθεῦτεν
678 1682 708 1741 δέ
726 1679 759 1741 οὖ
772 1682 848 1759 παρὰ
860 1680 913 1757 τήν
926 1679 1003 1756 ἤπει-

151 1775 192 1897 [j
204 1793 255 1843 ρον
275 1768 351 1846 εἶχον
363 1769 413 1831 τοὶς
426 1771 488 1832 νέας
502 1768 545 1828 ἰθύ
558 1771 609 1827 τοῦ
621 1795 652 1829 τε
664 1768 880 1844 Ἑλλησπόντου
894 1769 940 1828 καὶ
953 1772 1003 1844 τῆς

205 1855 334 1930 Θρηίκης·
355 1853 421 1912 ἀλλ’
436 1860 466 1913 ἐκ
479 1855 576 1930 Σάμου
596 1855 772 1931 όρμεάμενοι,
786 1855 862 1931 παρά
881 1881 912 1914 τε
932 1854 1003 1914 Ἰκά-

126 1964 165 2042 l
172 1963 191 2034 γ
205 1965 266 2018 ριον
279 1942 326 1999 καὶ
340 1939 385 1998 διά
398 1939 491 2015 νήσων
504 1941 554 2000 τόν
568 1941 657 2000 πλόον
668 1945 816 2012 ἐποιεῦντο,
828 1942 863 2004 οἷς
875 1944 926 2018 μὲν
940 1943 1003 2018 ἐμοὶ

206 2027 302 2100 δοκέει,
317 2026 456 2090 δείσαντες
473 2026 601 2105 μάλιστα
616 2027 665 2088 τόν
678 2026 832 2105 περίπλοον
852 2031 901 2088 τοῦ
914 2026 1001 2101 Ἄθω,

135 2128 190 2201 JJ
205 2113 250 2175 ὅτι
262 2118 301 2194 τῷ
313 2115 438 2193 προτέρω
456 2116 510 2175 ἔτεϊ
529 2115 687 2192 ποιούμενοι
706 2114 793 2193 ταύτῃ
813 2115 865 2192 τήν
885 2115 1001 2192 κομιδήν

204 2202 334 2284 μεγάλως
346 2204 569 2278 προσέπταισαν·
589 2202 660 2280 πρδς
673 2203 703 2262 δὲ
716 2203 762 2261 καὶ
774 2201 793 2278 ή
807 2202 901 2272 Νάξος
911 2204 1004 2279 σφέας

137 2305 195 2372 ys
204 2289 351 2373 ἠνάγκαζε,
365 2289 501 2369 πρότερον
519 2289 568 2351 ούκ
589 2291 711 2351 οἷλοῦσα.
751 2289 831 2350 Ἐπεὶ
851 2291 889 2364 δέ,
907 2296 937 2351 ἐκ
949 2296 1000 2351 τοῦ
1011 2295 1048 2352 96

203 2376 323 2457 Ἰκαρίου
349 2379 490 2462 πελάγεος
514 2379 742 2456 προσφερόμενοι
767 2379 941 2456 προσέμιξαν
966 2383 1003 2460 τῇ

137 2481 189 2593 LV
204 2468 297 2548 Νάξῳ,
319 2469 376 2550 (ἐπὶ
397 2468 501 2544 ταύτην
521 2467 577 2549 γάρ
602 2467 636 2544 δή
659 2467 771 2545 πρώτην
787 2473 898 2547 ἐπεῖχον
918 2494 1003 2546 στρα-

203 2555 333 2616 τεύεσθαι
354 2559 381 2616 οἱ
403 2556 521 2634 Πέρσαι,
541 2557 712 2633 μεμνημένοι
731 2560 786 2616 τῶν
805 2556 963 2636 πρότερον,)
977 2559 1004 2616 οἱ

134 2645 162 2722 2
205 2641 307 2711 Νάξιοι
326 2643 396 2722 πρός
408 2643 445 2704 τά
458 2642 542 2720 ούρεα
558 2644 669 2722 οἴχοντο
684 2644 841 2725 φεύγοντες,
856 2643 919 2703 οὐδὲ
938 2643 1006 2704 ύπὲ-

205 2752 310 2804 μειναν·
331 2735 358 2790 οἱ
373 2732 402 2790 δὲ
416 2731 529 2809 Πέρσαι
548 2730 820 2808 ἀνδραποδισάμενοι
839 2732 904 2794 τούς
925 2733 1003 2791 κατέ-

135 2821 165 2885 J
171 2829 190 2908 s
205 2817 300 2892 λαβον
318 2817 415 2889 αὐτῶν,
430 2820 585 2897 ἐνέπρησαν
602 2820 648 2878 καὶ
663 2819 699 2879 τά
718 2818 764 2895 ἱρά
783 2820 829 2878 καὶ
843 2819 895 2894 τήν
908 2818 1002 2880 πόλιν·

204 2906 294 2964 ταῦτα
314 2904 344 2963 δέ
364 2905 540 2982 ποιήσαντες,
563 2906 609 2966 ἐπὶ
630 2904 682 2970 τάς
704 2904 796 2969 ἄλλος
816 2905 927 2982 νήσους·
940 2903 1004 2963 α’νά-

135 2999 187 3086 J}
203 3017 299 3074 γοντο.
737 3014 740 3019 ·
812 3057 821 3072 θ

244 3079 294 3142 Ἑν
315 3078 337 3160 ᾧ
357 3080 387 3140 δὲ
409 3079 485 3141 οὗτοι
506 3086 594 3143 ταῦτα
611 3084 728 3153 ἐποίευν,
750 3084 778 3142 οἶ
799 3079 910 3154 Δήλιοι,
932 3080 1004 3137 ε’κλι-
1014 3080 1048 3138 97

130 3173 188 3247 ,Μ
203 3170 303 3235 πάντες
321 3169 368 3230 καὶ
386 3167 466 3229 αὐτοὶ
482 3169 535 3246 τήν
548 3175 656 3246 Δῆλον,
673 3171 785 3247 οἴχοντο
805 3163 957 3244 φεύγοντες
977 3169 1005 3226 ἐς

203 3262 304 3336 Τῆνον·
332 3261 384 3336 τῆς
409 3256 440 3316 δὲ
467 3260 601 3334 στρατιῆς
627 3251 849 3328 καταπλεούσης,
875 3249 891 3324 ὁ
918 3255 992 3310 Δάτι

1042 2737 1052 2762 b
