2280 3432
167 51 214 99 τοι
475 44 657 92 ἪΡοΔουου
898 44 963 110 [IX.

169 132 220 206 μὲν
236 134 263 192 ἐς
280 128 390 204 ἅμαξαν
408 125 535 186 ἐσθέντες
550 122 600 182 τόν
618 123 714 200 νεκρόν
731 123 809 201 παρά
826 124 876 188 τάς
888 124 964 195 τάξις

168 216 303 292 ἐκόμιζον·
325 213 341 273 ό
355 213 385 272 δέ
397 211 492 288 νεκρός
502 210 537 286 ἦν
551 211 615 287 θέης
628 210 712 281 ἄξιος,
725 211 862 292 μεγάθεος
876 214 966 274 εἵνεκα

168 305 213 362 καὶ
227 302 355 364 κάλλεος·
376 300 473 359 τῶνδὲ
487 299 577 358 εἵνεκα
591 301 636 356 καὶ
649 303 736 358 ταῦτα
747 300 864 361 ἐποίευν·
879 303 966 361 ἐκλεί-

168 416 266 453 ποντες
285 389 335 452 τάς
358 388 434 457 τάξις
458 386 584 463 ἐφοίτεον
606 387 772 464 θεησόμενοι
792 391 966 449 Μασίστιον·

168 478 238 554 μετά
260 478 298 548 δὲ,
321 477 397 546 ἔδοξέ
418 482 474 551 σφι
495 477 699 551 ἐπικαταβῆναι
721 480 747 539 ἐς
766 476 922 540 Πλαταιάς·
951 472 967 538 ό

168 566 222 647 γάρ
240 570 330 646 χῶρος
349 564 477 640 ἐφαίνετο
496 566 595 640 πολλῷ
612 563 667 621 ἐιδν
682 563 891 640 ἐπιτηδειότερός
909 573 968 642 σφι

170 652 471 732 ἐνστρατοπεδεύεσθαι
492 651 508 711 ό
529 649 700 712 Πλαταιῖκὸς
724 654 773 709 τοῦ
793 650 967 728 Ἐρυθραίου,

169 742 248 802 τότε
261 741 345 812 ἄλλα,
357 741 402 800 καὶ
417 739 600 817 εύύδρότερος·
615 743 642 802 ἐς
655 742 754 798 τοῦτον
765 738 798 815 δή
808 738 858 799 τόν
867 744 967 818 χῶρον,

171 832 216 888 καὶ
235 831 280 890 ἐπὶ
300 830 352 908 τῆν
369 829 470 908 κρήνην
487 828 539 903 τήν
553 827 717 908 Γαργαφίην
730 825 782 902 τῆν
796 831 875 906 ἐντῷ
887 828 968 907 χώρῳ

170 918 257 999 τούτῳ
272 923 382 988 ἐοῦσαν,
398 918 474 987 ἔδοξέ
491 922 547 991 σφι
559 915 643 994 χρεόν
662 914 731 974 εἶναι
744 913 901 987 (ἐπικέσθαι,
922 917 969 974 καὶ

171 1007 368 1088 διαταχθέντας
386 1003 667 1083 στρατοπεδεύεσθαι·
688 1001 879 1078 ἀναλαβόντες
894 1002 923 1062 δὲ
933 1004 969 1062 τοὶ

171 1093 255 1165 ὅπλα,
270 1095 356 1171 ἤϊσαν
369 1093 414 1152 διά
426 1096 477 1168 τῆς
489 1092 623 1168 ύπωρείης
640 1095 690 1151 τοῦ
704 1091 876 1167 Κιθαιρῶνος
892 1091 969 1168 παρὰ

170 1182 268 1246 Ὑσιάς
287 1187 314 1246 ἐς
330 1182 382 1258 τῆν
401 1180 560 1240 Πλαταιΐδα
577 1183 638 1260 γῆν,
657 1177 867 1255 άπικόμενοιδὲ
888 1177 967 1238 ἐτάσ-

171 1297 257 1332 σοντο
268 1271 338 1331 κατοὶ
352 1272 431 1331 ἔθνεα
443 1268 569 1345 πλησίον
578 1271 628 1342 τῆς
640 1293 671 1326 τε
685 1265 785 1344 κρήνης
797 1270 847 1342 τῆς
861 1272 969 1347 Γαργα-

172 1361 239 1436 φίης
253 1361 298 1419 καὶ
311 1363 361 1419 τοῦ
378 1365 505 1434 τεμένεος
520 1360 569 1417 τοῦ
582 1351 797 1433 Ἀνδροκράτεος
809 1359 859 1415 τοῦ
871 1353 968 1432 ἥρωος,

175 1448 220 1506 διά
233 1447 325 1527 ὄχθων
336 1473 367 1506 τε
382 1445 431 1505 ούκ
444 1445 561 1524 ύψηλῶν
574 1445 620 1503 καὶ
634 1443 736 1503 α’πέδου
749 1444 861 1522 χωρίου.

125 1538 163 1594 26
212 1535 350 1595 Ἐνθαΰτα
372 1539 401 1593 ἐν
421 1538 458 1612 τῆ
480 1532 586 1601 διατάξι
613 1533 721 1612 ἐγέγετο
742 1531 834 1612 λόγων
860 1529 970 1595 πολλός

176 1620 299 1699 ὠθισμός
311 1622 467 1702 Τεγεητέων
480 1645 511 1679 τε
528 1620 574 1678 καὶ
586 1619 748 1695 Ἀθηναίων·
770 1619 902 1678 ἐδικαίευν
914 1619 969 1699 γάρ

174 1710 252 1770 αύτοὶ
270 1708 393 1787 ἑκάτεροι
412 1710 484 1788 ἔχειν
499 1706 531 1768 τό
550 1707 643 1785 ἕτερον
662 1709 751 1785 κέρας,
764 1708 810 1766 καὶ
827 1705 905 1766 καινά
924 1707 970 1766 καὶ

174 1797 281 1858 παλαιά
294 1797 503 1875 παραφέροντες
521 1797 596 1878 ἔργα.
637 1799 721 1856 τοῦτο
733 1795 785 1872 μέν
798 1798 825 1854 οἱ
837 1798 971 1875 Τεγεῆται

175 1888 271 1969 ἔλεγον
284 1885 359 1948 τάδε·
381 1896 399 1921 “
406 1885 486 1964 ἡμεῖς
499 1886 554 1944 αἰεί
565 1909 629 1944 κοτε
648 1883 795 1961 ἀξιεύμεθα
808 1883 908 1958 ταύτης
920 1887 971 1958 τῆς

173 1976 266 2046 τάξιος
285 1981 314 2036 ἐκ
331 1979 386 2036 τῶν
404 1975 559 2054 συμμάχων
578 1972 714 2042 ἁπάντων,
732 1970 798 2030 ὅσαι
811 1970 864 2047 ήδη
883 1970 971 2040 ἔξοδοι

175 2067 263 2126 κοιναὶ
273 2065 399 2146 ἐγένοντο
413 2061 672 2138 Πελοποννησίοισι
686 2060 732 2119 καὶ
744 2059 777 2120 τό
791 2059 913 2120 παλαιόν
926 2059 971 2118 καὶ

173 2152 207 2212 τό
225 2153 293 2224 νέον,
310 2151 340 2220 ἐξ
358 2152 462 2210 ἐκείνου
479 2155 529 2210 τοῦ
546 2149 648 2228 χρόνου
666 2148 729 2207 ἐπεί
743 2173 774 2208 τε
791 2145 972 2225 Ἡρακλεῖδαι

175 2245 321 2316 ἐπειρῶντο
339 2238 410 2315 μετὰ
428 2237 478 2298 τόν
491 2236 650 2314 Εὐρυσθέος
664 2235 783 2296 θάνατον
794 2233 930 2298 κατιόντες
945 2239 973 2298 ἐς

91 2361 99 2374 ·
175 2325 402 2402 Πελοπόννησον.
445 2324 510 2385 τότε
529 2324 665 2402 εύρόμεθα
684 2327 767 2384 τοῦτο
788 2323 833 2382 διά
855 2327 973 2403 πρῆγμα

174 2413 290 2475 τοιόνδε·
320 2413 379 2474 ἐπεὶ
400 2413 471 2491 μετὰ
491 2411 614 2492 Ἀχαιῶν
637 2411 682 2471 καὶ
702 2411 802 2472 Ἰάνων
827 2414 881 2471 τῶν
907 2409 972 2470 τότε

175 2499 273 2563 ἐόντων
287 2506 315 2562 ἐν
329 2499 549 2580 Πελοποννήσῳ,
564 2500 789 2577 ἐκβοηθήσαντες
800 2503 827 2563 ἐς
840 2497 889 2558 τόν
898 2496 973 2558 Ἰσθ-

175 2589 230 2667 μόν
246 2589 360 2668 ἱζόμεθα
380 2589 468 2651 άντίοι
489 2591 565 2650 τοῖσι
589 2591 725 2649 κατιοῦσι·
746 2586 810 2648 τότε
831 2584 868 2645 ὧν
888 2582 983 2667 λόγοςΙ

172 2677 280 2738 Ὕλλον
294 2677 511 2761 ἀγορεύσασθαι,
527 2675 562 2740 ὥς
574 2675 657 2755 χρεόν
671 2677 712 2752 εἴη
725 2675 774 2735 τόν
787 2676 839 2752 μὲν
852 2671 975 2752 στρατόν

175 2770 213 2846 τῷ
233 2770 343 2848 στρατῷ
361 2766 401 2846 μῆ
418 2763 633 2826 ἀνακινδυνεύειν
653 2762 871 2840 συμβάλλοντα·
897 2766 927 2821 ἐκ
946 2761 975 2821 δέ

178 2859 227 2916 τοῦ
237 2855 469 2930 Πελοποννησίου
477 2851 676 2928 στρατοπέδου,
681 2850 730 2910 τόν
738 2849 772 2910 ἂν
780 2849 877 2926 σφέων
886 2848 975 2910 αύτίῖν

177 2943 289 3019 κρίνωσι
306 2943 374 3002 εἶναι
393 2939 509 3018 ἄριστον
529 2937 629 2998 τοῦτόν
654 2941 680 2996 οἱ
698 2941 916 3016 μουνομαχῆσαι
930 2938 975 2997 ἐπὶ

177 3030 383 3107 διακειμένοισι.
399 3027 476 3096 ἔδοξέ
484 3051 515 3086 τε
524 3029 601 3086 τοῖσι
614 3025 875 3102 Πελοποννησίοισι
888 3027 975 3084 ταῦτα

178 3116 247 3177 εἶναι
260 3117 383 3193 ποιητέα,
399 3115 444 3174 καὶ
458 3115 559 3191 ἔταμον
572 3111 651 3189 ὅρκια
666 3112 711 3171 ἐπὶ
724 3111 800 3192 λόγῳ
814 3111 918 3189 τοιῷδε·
940 3107 975 3187 ῆν

181 3206 228 3282 μὲν
248 3204 356 3268 Ὕλλος
383 3201 484 3280 νικήσῃ
510 3201 559 3261 τὸν
579 3199 816 3274 Πελοποννησίων
841 3197 975 3278 ἡγεμόνα,
