2294 3430
178 81 318 142 130-134]
486 79 672 128 ΠΟΔΤΜΝΙΔ.
931 77 975 128 171

177 159 267 220 ἔθνεος
288 155 518 238 ἐπαγγέλλεσθαι
539 157 650 232 φιλίην·
672 156 750 219 εἴπας
768 155 798 215 δὲ
817 157 913 226 ταῦτα,
931 155 977 214 καὶ

177 244 357 322 θεησάμενος,
374 243 497 303 ἀπέπλεε
511 248 537 306 ἐς
550 243 601 319 τῆν
614 242 735 320 Θέρμην.

216 331 251 392 ‘O
265 335 316 409 μὲν
329 332 363 406 δῆ
376 333 440 407 περὶ
453 332 570 408 Πιερίην
588 331 709 408 διέτριβε
723 329 827 408 ῆμέρας
840 329 955 409 συχνάς·
967 330 1021 388 131

176 419 209 479 τό
221 419 276 501 γάρ
290 419 324 495 δῆ
338 418 419 495 οὖρος
430 417 463 478 τό
478 417 669 477 Μακεδονικόν
682 419 767 494 ἔκειρε
780 421 830 493 τῆς
844 421 977 495 στρατιῆς

176 507 344 584 τριτημορὶς,
369 506 413 564 ἵνα
433 505 521 584 ταύτῃ
542 504 628 583 διεξίῃ
649 503 747 564 ἅπασα
767 505 786 581 ῆ
809 504 927 581 στρατιῆ
949 509 977 568 ἐς

178 593 363 670 Περραιβούς.
407 596 433 652 οἳ
447 593 476 652 δὲ
490 593 523 668 δῆ
538 592 651 669 κήρυκες
665 595 692 652 οἱ
705 592 936 669 ἀποπεμφθέντες
950 597 977 656 ές

177 681 228 756 τῆν
240 680 367 739 Ἐλλάδα
380 681 426 738 ε’πὶ
438 684 491 762 γῆς
505 680 616 756 αἴτησιν
629 679 772 739 άπικέατο·
787 683 814 738 οἱ
823 682 874 756 μὲν
883 679 975 748 κεινοὶ,

178 771 205 826 οἱ
223 767 404 844 δὲ’φέροντες
424 772 478 848 γῆν
497 792 529 826 τε
551 767 597 825 καὶ
618 766 788 844 ὕδωρ.Δτῶν
804 766 834 825 δὲ
854 766 1023 826 δόντων132

177 860 265 915 ταῦτα
284 855 410 935 ἐγένοντο
429 854 495 914 οἵδε·
517 855 672 924 Θεσσαλοὶ,
690 853 828 924 Δόλοπες,
844 853 974 929 Ἐνιῆνες,

178 944 344 1020 Περραιβοὶ,
363 942 477 1019 Λοκροὶ,
496 940 653 1023 Μάγνητες,
671 942 803 1016 Μηλιέες,
818 939 930 1018 Ἀχαιοὶ
950 944 977 1000 οἶ

178 1031 308 1100 Φθιῶται,
329 1029 375 1089 καὶ
395 1031 527 1139 Θηβαῖοι,
545 1028 590 1087 καὶ
608 1030 634 1087 οἶ
655 1026 740 1086 άλλοι
761 1028 878 1086 Βοιωτοὶ
900 1026 977 1102 πλῆν

179 1117 321 1178 Θεσπιέων
338 1143 369 1176 τε
388 1143 434 1175 και
424 1116 625 1176 Πλαταιέων.
667 1115 712 1174 ε’πὶ
728 1115 854 1174 τούτοισι
871 1116 897 1172 οἱ
907 1113 976 1174 Ελ-

179 1206 289 1280 ληνες”
275 1231 378 1315 εταμον
392 1203 485 1290 ὅρκιον
499 1231 526 1264 οι
538 1231 576 1282 τῳ
563 1202 729 1326 βαρβάριρ
742 1201 904 1278 πόλεμον
886 1199 976 1278 αειρά-

178 1293 327 1367 μενοι·τὸ
355 1291 423 1352 δὲ
408 1317 501 1369 ορκιον
529 1289 629 1352 οἶδε’
603 1316 671 1370 ειχε·
701 1289 792 1350 “ὅσοι
813 1294 852 1367 τῷ
874 1290 975 1367 Πέρσῃ

179 1378 279 1439 ἔδοσάν
297 1385 389 1456 σφεας
407 1378 505 1442 αὐτοῦς
513 1375 699 1454 ”Ἐλληνες
669 1402 802 1453 εοντες,μ
781 1376 973 1458 μῆάναγκασ-

179 1465 278 1536 θέντες,
290 1464 484 1526 καταστάντων
497 1472 553 1542 σφι
568 1463 596 1524 εὖ
610 1469 665 1525 τῶν
674 1464 853 1546 πρηγμάτων,
863 1463 976 1528 τούτους

179 1553 341 1614 δεκατεῦσαι
357 1559 395 1633 τῷ
413 1559 441 1614 ε’ν
461 1557 605 1629 Δελφοῖσι
624 1551 701 1630 θεῷ·”
721 1553 755 1613 τὸ
769 1555 820 1629 μὲν
834 1551 867 1628 δῆ
882 1552 976 1630 ὅρκιον

178 1639 230 1699 ὧδε
240 1641 298 1720 εἶχε
304 1641 520 1717 τοῖσιἘλλησι.
545 1641 593 1704 Ἐς
601 1641 631 1700 δὲ
640 1639 760 1716 Ἀθήνας
771 1640 816 1699 καὶ
824 1640 956 1716 Σπάρτην
967 1643 1023 1699 133

178 1727 228 1786 οὐκ
247 1729 394 1808 ἀπέπεμψε
415 1728 431 1788 5
451 1730 566 1806 Πέρσης
586 1730 631 1787 ε’πὶ
651 1732 704 1809 γῆς
727 1728 838 1804 αἴτησιν
858 1727 976 1804 κήρυκας

177 1815 262 1875 τῶνδε
276 1817 373 1875 εἵνεκα·
394 1815 530 1892 πρότερον
548 1815 667 1892 Δαρείου
680 1816 840 1894 πέμψαντος
854 1815 895 1874 ἔπ’
910 1815 976 1875 αὐτὰ

177 1907 269 1971 τοῦτο,
287 1905 313 1962 οἱ
330 1905 382 1978 μὲν
398 1902 487 1961 αὐτων
504 1903 568 1964 τούς
586 1903 726 1966 αἰτέοντας
740 1907 767 1966 ἔς
780 1929 813 1962 το
805 1901 976 1979 βάραθρον

179 2015 206 2048 οι
197 1989 276 2048 δι’
263 2015 290 2050 ες
303 1989 393 2064 φρέαρ
407 1987 588 2064 ἐσβαλόντες,
600 1989 773 2048 ε’κέλευον
735 2016 790 2071 γην
802 1999 833 2049 τε
847 2015 893 2048 και
883 1988 976 2066 ὕδωρ

179 2081 210 2134 ἐκ
227 2076 331 2134 τούτων
344 2077 439 2153 φέρειν
457 2101 533 2147 παρα
523 2075 685 2152 βασιλέα·
705 2077 810 2138 τούτων
822 2079 873 2154 μὲν
888 2067 976 2136 εἵνεκα

179 2162 230 2222 οὔκ
248 2163 353 2241 έπεμψε
371 2162 476 2240 Ξέρξης
491 2161 555 2226 τοιλς
574 2162 747 2239 αιτῆσοντας.
789 2191 844 2224 οτι
858 2165 975 2224 δὲτοισι

178 2249 354 2328 Ἀθηναίοισι
366 2255 454 2310 ταῦτα
466 2249 605 2326 ποιήσασι
618 2251 682 2314 τούς
700 2252 818 2330 κήρυκας
832 2251 975 2328 συνήνεικε

178 2338 345 2416 ἀνεθέλητον
357 2339 496 2420 γενέσθαι,
511 2337 560 2398 οὐκ
574 2339 627 2418 ἔχω
641 2338 724 2408 εἶπαι,
738 2339 814 2415 πλῆν
825 2338 867 2399 ότι
881 2341 977 2415 σφέων
1004 2350 1013 2370 “

178 2425 197 2503 5
216 2426 362 2510 x5p5x112
377 2427 399 2502 5
419 2425 502 2490 πόλις
523 2426 650 2504 ε’δηϊώθη·
679 2425 757 2485 α’λλοὶ
777 2431 860 2486 τοῦτο
879 2427 911 2486 05
932 2428 976 2487 διὰ

178 2514 280 2591 ταύτην
289 2514 341 2591 τῆν
351 2515 441 2592 αἰτίην
454 2515 539 2574 δοκέω
551 2514 693 2596 γενέσθαι.
713 2519 797 2573 Τοῖσι
811 2515 840 2573 δὲ
854 2514 890 2574 ὧν
900 2523 956 2574 Λα·
967 2516 1024 2576 134

179 2603 378 2680 κεδαιμονίοισι
390 2607 472 2680 μῆνις
486 2603 644 2680 κατέσκηψε
658 2603 823 2679 Ταλθυβίου
832 2607 882 2662 τοῦ
891 2602 976 2684 Ἀγα-

177 2692 313 2767 μέμνονος
326 2690 451 2768 κήρυκος·
473 2693 514 2771 (ἔν
528 2690 584 2772 γάρ
601 2688 717 2769 Σπάρτῃ
734 2691 795 2749 ἐστὶ
812 2692 976 2767 Ταλθυβίου

179 2776 247 2853 ἱρόν·
269 2779 324 2838 εἶσὶ
338 2779 367 2837 δὲ
384 2778 430 2837 καὶ
446 2776 581 2858 ἀπόγονοι
594 2777 767 2854 Ταλθυβίου,
781 2778 976 2854 Ταλθυβιάδαι

179 2865 350 2942 καλεόμενοι,
363 2869 440 2927 τοῖσι
454 2868 483 2924 αἱ
497 2865 641 2942 κηρυκηίαι
653 2867 683 2923 αἱ
696 2869 726 2923 ε’κ
740 2864 871 2941 Σπάρτης
885 2870 977 2925 πᾶσαι

177 2952 261 3030 γέρας
277 2952 423 3032 δέδονται·)
440 2951 511 3028 μεταὶ
529 2952 559 3010 δὲ
574 2956 670 3022 ταῦτα,
688 2954 764 3012 τοῖσι
783 2953 976 3030 Σπαρτιήτῃσι

178 3041 365 3116 καλλιερῆσαι
385 3039 546 3115 θυομένοισι
562 3037 611 3097 οὔκ
632 3039 755 3098 ἐδύνατο·
781 3043 864 3098 τοῦτο
886 3039 909 3097 δ’
931 3040 977 3098 ε’πὶ
1031 3083 1033 3087 -

177 3125 279 3204 χρόνον
297 3124 403 3204 συχνόν
420 3123 455 3199 ἦν
473 3131 538 3201 σφι·
559 3125 721 3204 ἀχθομένων
738 3125 768 3183 δὲ
781 3125 827 3183 καὶ
840 3130 977 3205 συμφορῇ

176 3213 339 3290 χρεωμένων
354 3210 587 3288 Λακεδαιμονίων,
606 3211 688 3285 ἁλίης
701 3235 732 3270 τε
751 3208 890 3272 πολλάκις
906 3216 975 3270 συλ-
