2204 3430
162 109 194 160 τι
467 97 650 150 Ἧνοιοαοι
896 99 961 164 [VI.

164 182 312 261 Μιλησίου
339 180 571 258 πολιορκηθέντες
597 179 643 238 καὶ
669 177 815 256 προσόδων
842 179 963 241 ἐουσέων

165 273 316 353 μεγαλέων,
331 269 460 349 ἐχρέοντο
477 272 554 328 τοῖσι
571 265 701 348 χρήμασι
713 271 786 330 ναῦς
806 292 838 326 τε
858 292 963 343 ναυπη-

151 358 293 440 1λούμενοι
305 356 413 433 μακράς
426 355 473 414 καὶ
485 359 578 435 τεῖχος
596 353 775 433 ἰσχυρότερον
788 355 963 431 περιβαλλό·

164 470 252 523 μενοι.
284 443 303 520 ἡ
317 443 347 502 δέ
358 442 499 521 πρόσοδός
512 449 569 520 σφι
582 443 686 523 ἐγίνετο
700 441 729 502 ἐκ
741 467 772 502 τε
784 445 836 517 τῆς
847 440 964 520 ἠπείρου

166 533 212 590 καὶ
233 531 289 591 α’πό
310 527 366 591 τῶν
385 529 543 608 μετάλλων·
564 535 594 590 ἐκ
612 530 664 608 μέν
680 554 714 610 γε
731 533 785 589 τῶν
803 535 832 589 ἐν
846 529 964 608 Σκαπτῇ

160 619 246 698 Ὕλῃ,
258 622 313 678 τῶν
325 618 452 698 χρυσέων
464 617 621 695 μετάλλων,
634 616 668 678 τό
687 618 788 677 ἐπίπαν
806 615 965 696 ὀγδώκοντα

165 705 291 766 τάλαντα
304 706 434 782 προοήῖε·
456 710 486 764 ἐκ
500 706 529 765 δέ
542 710 596 766 τῶν
615 710 644 764 ἐν
664 703 735 782 αὐτῇ
748 703 833 783 Θάσῳ
847 703 965 764 ἐλάσσω

165 796 217 871 μὲν
236 794 348 863 τούτων,
367 792 460 872 συχνά
478 793 508 852 δὲ
527 793 597 853 οὕτω
616 792 688 852 ὥστε
708 792 741 869 τό
762 793 864 852 ἐπίπαν
877 793 965 852 Θασί-

167 907 234 952 οισι,
259 885 337 942 ἐοῦσι
359 885 472 958 καρπῶν
492 881 615 951 οἷτελέσι,
639 879 760 958 προσήῐε
781 878 840 940 όπό
861 904 893 938 τε
915 883 966 956 τῆς

165 968 281 1047 ἠπείρου
303 970 349 1029 καὶ
369 973 425 1030 τῶν
445 968 594 1046 μετάλλων
608 969 682 1031 ἔτεος
696 966 815 1028 ἑκάστου
835 965 966 1042 διηκόσια

165 1056 298 1118 τάλαντα·
321 1056 367 1117 ὅτε
388 1058 417 1116 δὲ
437 1058 471 1116 τό
485 1060 623 1116 πλεῖστον
636 1056 792 1132 προσῆλθε,
806 1053 965 1130 τριηκόσια.

119 1145 157 1204 47
169 1144 252 1205 Εἶδον
273 1145 303 1204 δέ
322 1143 368 1203 καὶ
387 1143 470 1206 οὗτός
484 1143 520 1204 τά
537 1144 668 1222 μέταλλα
685 1147 782 1202 ταῦτα·
804 1144 849 1202 καὶ
868 1141 966 1222 μακρῷ

166 1231 201 1308 ἦν
223 1232 313 1292 αὐτῶν
332 1231 536 1308 θωμασιώτατα
552 1231 589 1290 τά
608 1234 635 1290 οἱ
653 1232 777 1294 Φοίνικες
794 1230 917 1308 άνεῦρον,
939 1233 966 1290 οἱ

167 1319 238 1395 μετά
252 1318 351 1379 Θάσου
371 1319 515 1382 κτίσαντες
532 1319 583 1395 τὴν
598 1323 687 1394 νῆσον
706 1318 818 1395 ταύτην
838 1318 899 1394 ἥτις
917 1323 967 1379 νῦν

168 1406 214 1465 ἐπὶ
226 1410 277 1466 τοῦ
290 1405 388 1466 Θάσου
401 1402 501 1466 τούτου
514 1411 565 1467 τοῦ
578 1407 705 1471 Φοίνικος
716 1405 749 1466 τό
763 1405 868 1483 οὕνομα
888 1407 966 1486 ἔσχε.

167 1493 203 1552 τὰ
219 1493 249 1552 δέ
263 1494 442 1570 μέταλλατᾶ
460 1493 603 1555 Φοινικικὰ
615 1498 704 1555 ταῦτα
721 1495 783 1554 ἔστι
800 1499 851 1570 τῆς
868 1493 967 1554 Θάσου

166 1578 271 1657 μεταξύ
285 1580 408 1657 Αἰνύρων
420 1608 452 1642 τε
464 1582 557 1662 χοίρου
571 1583 740 1659 καλεομένου
754 1581 800 1640 καὶ
813 1581 966 1659 Κοινύρων,

168 1667 262 1728 άντίον
284 1668 313 1728 δὲ
335 1670 538 1748 Σαμοθρηίκης·
560 1669 623 1750 ὅρος
643 1671 725 1751 μέγα,
739 1668 967 1747 άνεστραμμένον

168 1759 198 1815 ἐν
217 1760 253 1835 τῇ
271 1755 394 1834 ζητήσει.
436 1763 520 1820 τοῦτο
538 1760 590 1836 μέν
611 1784 659 1818 νυν
680 1758 741 1817 ἐστι
756 1761 876 1817 τοιοῦτο·
897 1759 924 1816 οἱ
937 1757 967 1816 δέ

169 1843 271 1904 Θάσιοι
294 1847 332 1924 τῷ
354 1847 475 1922 βασιλέϊ
498 1846 663 1906 κελεύσαντι
686 1846 732 1904 καὶ
757 1844 791 1904 τό
816 1847 909 1924 τεῖχος
933 1835 991 1906 τό·

168 1932 307 2011 σφέτερον
320 1938 457 2009 κατεῖλον,
468 1936 514 1994 καὶ
526 1934 577 1998 τοὶς
589 1934 652 1998 νέας
665 1933 715 1996 τάς
727 1932 822 1996 πάσας
832 1930 968 2008 ἐκόμισαν

169 2026 196 2084 ἐς
210 2019 353 2099 Ἄβδηρα.

121 2109 159 2169 48
209 2110 290 2170 Μετά
304 2111 334 2169 δὲ
346 2114 438 2179 τοῦτο,
452 2109 622 2187 ἀπεπειρᾶτο
636 2108 652 2169 ό
667 2111 785 2186 Δαρεῖος
797 2111 852 2168 τῶν
864 2107 966 2187 Ἑλλή-

168 2223 221 2257 νων
239 2196 255 2256 ὅ
273 2223 300 2256 τι
319 2201 348 2257 ἐν
370 2196 423 2276 νόω
442 2197 539 2275 ἔχοιεν,
554 2196 654 2276 κότερα
673 2197 820 2274 πολεμέειν
841 2199 929 2276 ἑωυτῷ
948 2197 968 2276 ἢ

169 2283 351 2360 παραδιδόναι
372 2284 464 2359 σφέας
486 2283 595 2348 αὐτούς.
636 2284 770 2361 διέπεμπε
792 2283 829 2344 ῶν
849 2284 968 2361 κη’ρυκας

171 2369 277 2434 ἅλλους
293 2369 369 2450 άλλη
387 2369 472 2440 τάξας
485 2370 538 2432 ἀνά
550 2372 603 2449 την
615 2371 750 2444 Ἑλλάδα,
766 2371 884 2432 κελεύων
896 2376 968 2435 αίτέ-

170 2483 209 2516 ειν
221 2459 343 2534 βασιλέϊ
354 2461 409 2540 γῆν
421 2485 452 2519 τε
465 2460 511 2518 καὶ
523 2459 605 2539 ὕδωρ.
638 2459 752 2524 τούτους
764 2462 816 2537 μὲν
829 2459 863 2536 δὴ
877 2465 905 2524 ἐς
916 2462 969 2538 τήν

169 2543 296 2604 Ἑλλάδα
310 2547 423 2624 ἔπεμπε·
439 2546 543 2612 ἄλλους
555 2548 585 2607 δὲ
598 2547 717 2626 κήρυκας
731 2548 865 2625 διέπεμπε
879 2552 906 2611 ἐς
918 2549 969 2614 τάς

173 2635 273 2694 ἑωυτοῦ
295 2633 494 2712 δασμοφόρους
515 2636 617 2701 πόλιας
638 2637 688 2701 τάς
706 2637 967 2714 παραθαλασσίους,

171 2721 288 2783 κελεύων
305 2724 367 2786 νέας
384 2747 415 2782 τε
430 2723 538 2802 μακράς
556 2726 602 2786 καὶ
620 2725 770 2806 ἱππαγωγά
786 2727 874 2784 πλοῖα
893 2726 967 2786 ποιέ-

121 2811 159 2869 49
173 2810 264 2871 εσθαι.
302 2808 381 2871 οὗτοί
390 2837 420 2872 τε
435 2812 467 2888 δη
481 2814 721 2892 παρεσκευάζοντο
733 2816 830 2874 ταῦτα·
853 2813 899 2872 καὶ
912 2816 969 2874 τοῖ-

171 2924 202 2958 σι
218 2898 320 2975 ἥκουσι
339 2903 366 2964 ἐς
385 2897 438 2976 την
450 2900 577 2962 Ἑλλάδα
598 2901 695 2980 κήρυξι
708 2902 814 2961 πολλοὶ
827 2903 879 2978 μὲν
891 2900 968 2977 ἠπει-

168 2988 275 3064 ρωτέων
299 2987 428 3050 ἐδίδοσαν
448 2989 484 3049 τό
506 2991 661 3071 προίσχετο
684 2991 780 3051 αἰτέων
803 2989 820 3050 ό
844 2991 968 3067 Πέρσης,

169 3075 269 3141 πάντες
283 3077 312 3137 δὲ
327 3080 353 3137 οἱ
367 3080 501 3154 νησιῶται
515 3084 542 3142 ἐς
554 3077 619 3143 τούς
629 3078 775 3138 ἀπικοίατο
796 3077 970 3153 αἰτήσοντες.

171 3165 200 3224 οἵ
218 3193 249 3226 τε
270 3167 304 3243 δὴ
326 3165 411 3226 ἄλλοι
430 3171 564 3242 νησιῶται
582 3167 691 3228 διδοῦσι
708 3171 762 3247 γῆν
781 3191 813 3226 τε
833 3167 879 3226 καὶ
897 3164 969 3243 ὕδωρ

172 3255 279 3336 Δαρείῳ
293 3257 339 3316 καὶ
352 3254 386 3332 δή
400 3255 446 3316 καὶ
459 3259 615 3337 Αἰγινῆται·
636 3255 776 3331 ποιήσασι
789 3253 821 3314 δέ
833 3259 889 3333 σφι
905 3257 970 3316 τοῦ·
