2240 3424
149 120 191 180 ιο,
207 120 250 183 29]
463 116 652 168 κιιιιοιυτ.
899 97 947 184 τοι
967 172 971 176 ,
991 179 994 187 ,

148 196 183 255 δέ
194 203 250 272 σφι
262 195 372 256 εἴλοντο
385 195 500 257 ἑστάναι
510 199 537 257 οἱ
548 197 721 274 Σπαρτιῆται
729 197 794 260 τούς
803 194 949 276 Τεγεήτας,
993 213 996 223 ”

151 283 199 341 καὶ
210 287 294 359 τιμῆς
306 282 395 344 εἵνεκα
408 284 454 343 καὶ
466 283 574 363 άρετής·
594 282 698 345 τούτων
711 283 734 344 δ’
747 283 822 360 ἦσαν
835 282 949 342 ὁπλῖται

151 371 240 448 χίλιοι
261 371 307 430 καὶ
329 371 518 448 πεντηκόσιοι.
558 370 629 450 μετοῖ
654 373 683 430 δὲ
703 371 816 434 τούτους
837 369 950 430 ἵσταντο

152 458 307 534 Κορινθίων
329 461 562 539 πεντακισχίλιοι·
602 459 680 537 παρά
702 460 733 519 δέ
756 465 812 536 σφι
839 457 950 535 εὕροντο

151 545 228 623 παρὰ
241 547 408 607 Παυσανίεω
421 546 535 608 ἑστάναι
545 548 750 624 Ποτιδαιητέων
762 551 817 608 τῶν
830 551 859 606 ἑκ
870 551 949 605 Παλ-

150 631 238 708 λήνης
254 633 320 696 τούς
332 634 485 711 παρεόντας
497 636 682 711 τριηκοσίους.
722 634 826 695 τούτων
842 635 872 694 δὲ
891 634 950 713 ε’χό-

150 725 230 796 μενοι
251 721 366 782 ἵσταντο
378 721 510 798 Ἀρκάδες
525 721 703 801 Ὀρχομένιοι
720 721 870 792 ἑξακόσιοι·
890 720 951 782 τού-

151 802 206 866 των
228 806 266 877 δὲ,
288 807 432 872 Σικυώνιοι
452 809 616 888 τρισχίλιοι.
657 808 761 869 τούτων
788 809 817 868 δὲ
844 809 951 888 εἴχοντο

151 892 333 972 Ἐπιδαυρίων
345 895 513 956 ὀκτακόσιοι
534 895 610 973 παρά
622 897 651 955 δὲ
663 895 777 959 τούτους
787 897 952 973 Τροιζηνίων

90 1051 91 1054 ¹
153 981 309 1042 ἐτάσσοντο
326 984 424 1062 χίλιοι.
466 984 633 1066 Τροιζηνίωνγ
646 983 676 1043 δὲ
692 983 827 1062 ἐχόμενοι,
847 989 952 1058 Λεπρε-

152 1070 239 1145 ητέων
249 1064 395 1146 διηκόσιοι·
408 1070 513 1132 τούτων
523 1071 559 1140 δὲ,
571 1071 738 1147 Μυκηναίων
749 1070 795 1128 καὶ
804 1070 953 1146 Τιρυνθίων

152 1157 338 1234 τετρακόσιοι.
378 1158 491 1244 τούτων,
503 1160 533 1218 δὲ
554 1159 690 1239 ἐχόμενοι,
707 1157 840 1218 Φλιάσιοι
855 1162 953 1238 χιλιοι·

153 1244 230 1322 παρά
260 1245 290 1304 δὲ
315 1245 429 1310 τούτους
456 1248 581 1308 ἔστασαν
604 1247 762 1324 Ἑρμιονέες
787 1246 952 1324 τριηκόσιοι.

153 1331 319 1410 Ἑρμιονέων
341 1333 371 1392 δὲ
392 1334 519 1413 ἐχόμενοι
541 1336 654 1396 ἵσταντο
675 1333 835 1412 Ἐρετριέων
855 1360 887 1395 τε
907 1335 954 1394 καὶ

154 1421 279 1499 Στυρέων
289 1421 439 1492 ἑξακόσιοι·
452 1423 556 1484 τούτων
566 1424 596 1482 δὲ
607 1422 759 1484 Χαλκιδέες
768 1421 953 1500 τετρακόσιοι·

153 1509 257 1569 τούτων
283 1510 320 1580 δὲ,
346 1509 575 1589 Ἀμπρακιητέων
601 1509 788 1588 πεντηκόσιοι.
829 1509 954 1587 μετοὶὶδὲ

153 1598 275 1668 τούτους,
285 1599 443 1659 Λευκαδίων
452 1600 499 1659 καὶ
508 1599 692 1678 Ἀνακτορίων
703 1597 864 1659 ὀκτακόσιοι
873 1599 954 1659 ἑστα-

154 1685 219 1746 σαν·
234 1685 338 1748 τούτων
351 1688 381 1747 δὲ
395 1688 531 1766 ἐχόμενοι,
542 1690 653 1752 Παλέες
667 1690 694 1748 οἱ
708 1693 737 1748 ἔκ
752 1688 954 1764 Κεφαλληνίης

154 1773 301 1845 διηκόσιοι.
332 1775 404 1853 μεταῖ
418 1777 448 1835 δὲ
459 1777 582 1847 τούτους,
597 1776 764 1858 Αἰγινητέων
777 1775 955 1852 πεντηκόσιοι

155 1860 325 1938 ἐτάχθησαν.
365 1862 442 1940 παρὰ
456 1863 485 1922 δὲ
500 1864 614 1926 τούτους
633 1862 789 1923 ἐτάσσοντο
803 1864 956 1943 Μεγαρέων

154 1949 318 2024 τρισχίλιοι.
350 1949 458 2026 εἴχοντο
472 1951 502 2008 δὲ
514 1949 625 2018 τούτων,
638 1949 793 2011 Πλαταιέες
807 1949 955 2018 ἑξακόσιοι.

155 2037 309 2093 τελευταῖοι
323 2033 353 2093 δὲ
366 2035 412 2092 καὶ
425 2040 530 2116 πρῶτοι
542 2034 685 2111 Ἀθηναῖοι
699 2034 862 2106 ἐτάσσοντο,
873 2037 957 2112 Ικέρας

156 2124 266 2200 ἔχοντες
286 2121 319 2182 τό
342 2121 486 2199 εὐώνυμον,
499 2122 719 2202 ,όκτακισχίλιου
749 2121 917 2202 ἐστρατήγεε
933 2121 957 2182 δ’

155 2209 245 2269 αὐτῶν
262 2209 435 2287 Ἀριστείδης
453 2210 469 2270 ό
487 2209 664 2290 Λυσιμάχου.
707 2208 790 2280 οὗτοι,
809 2208 885 2286 πλήν
903 2215 957 2270 τῶν

156 2296 226 2358 ἑπτά
247 2298 310 2376 περὶ
332 2299 643 2380 ἑκαστοντεταγμένων
663 2297 868 2377 Σπαρτιήτῃσι,Ι
883 2297 958 2374 ἦσαν

156 2385 278 2456 ὁπλῖται,
290 2383 462 2452 συνάπαντες
473 2388 562 2450 ἐόντες
572 2387 691 2465 α’ριθμδν
700 2391 773 2464 τρεῖς
785 2412 817 2446 τε
829 2387 957 2464 μυριάδες

156 2475 202 2532 καὶ
221 2473 293 2535 όκτιδ
307 2475 433 2556 χιλιάδες
449 2476 495 2535 καὶ
512 2475 688 2540 ἑκατοντάδες
705 2475 783 2534 ἑπτά.
813 2474 1004 2546 1Ὀπλῖται29

155 2565 207 2638 μὲν
223 2566 250 2622 οί
268 2563 369 2628 πάντες
387 2566 572 2645 συλλεγέντες
589 2565 635 2623 ε’πὶ
655 2563 704 2624 τόν
719 2563 871 2642 βάρβαρον
883 2562 957 2639 ἦσαν

156 2655 297 2711 τοσοῦτοι·
318 2657 410 2730 ψιλῶν
423 2654 453 2714 δὲ
466 2654 577 2729 πλῆθος
589 2651 624 2728 ήν
639 2651 713 2712 τόδε·
733 2655 784 2728 τῆς
799 2654 851 2729 μὲν
865 2652 959 2728 Σπαρ-
987 2719 989 2721 ¹

155 2741 382 2816 τιητικῆςτάξιος
391 2742 615 2826 πεγτακισχίλιοι
626 2741 671 2799 καὶ
681 2739 840 2817 τρισμύριοι
854 2738 957 2814 ἅνδρες,

157 2826 192 2890 ὦς
206 2827 304 2891 ε’όντων
318 2831 387 2891 ἑπτά
401 2831 464 2910 περὶ
480 2832 598 2889 ἕκαστον
611 2827 706 2904 ἄνδρα·
729 2828 774 2886 καὶ
787 2825 891 2886 τούτων
904 2830 959 2888 πᾶς

156 2941 198 2978 τις
220 2917 382 2996 παρήρτητο
405 2917 440 2983 οίς
461 2924 489 2982 ἐς
511 2916 647 2994 πόλεμον·
679 2919 705 2975 οἱ
728 2915 758 2973 δὲ
778 2917 833 2972 τῶν
853 2915 959 2970 λοιπῶν

157 3006 381 3084 Λακεδαιμονίων
408 3009 454 3067 καὶ
479 3005 625 3080 Ἑλλήνων
652 3003 740 3081 ψιλοὶ,
769 3000 803 3064 ὥς
831 2999 869 3062 εἷς
895 3001 959 3076 περὶ

158 3091 277 3154 ἑκαστον
296 3094 347 3156 ε’ὢν
365 3093 458 3174 ἄνδρα,
476 3093 655 3154 πεντακόσιοι
674 3091 719 3150 καὶ
739 3087 960 3166 τετρακισχίλιοι
1023 3095 1026 3103 “

158 3179 205 3239 καὶ
223 3181 383 3262 τρισμύριοι
412 3183 497 3260 ἦσαν·
518 3177 609 3262 ψιλῶν
628 3182 680 3259 μὲν
700 3178 736 3256 δή
758 3181 812 3239 τῶν
832 3175 960 3237 ἁπάντων

158 3269 288 3346 μαχίμων
311 3270 346 3348 ἦν
366 3271 399 3332 vo*
423 3273 534 3348 πλῆθος
555 3269 587 3340 ἑξ
611 3293 642 3329 τε
667 3266 796 3344 μυριάδες
817 3266 863 3325 καὶ
884 3265 965 3326 ἐννέα
