2280 3432
184 88 231 140 ιιι
486 87 671 158 summor
891 85 982 148 [vm.

172 167 326 240 πείθεσθε·
346 169 458 227 πολλοῦ
470 165 525 247 γοὶρ
538 165 604 243 ύμῖν
617 163 682 235 ἄξια
694 167 789 233 ταῦτα,
804 167 828 223 εἰ
845 165 985 240 βασιλεύς

184 282 218 336 γε
234 255 250 315 ό
269 256 357 336 μέγας
374 253 504 330 μούνοισι
521 252 587 330 ύμῖν
604 251 749 328 Ἑλλήνων
761 250 811 315 τῶς
824 251 985 330 ἁμαρτάδας

185 342 274 406 ἆπιείς
288 343 377 404 ἐθέλει
391 343 476 418 φίλος
489 339 646 422 γενέσθαι.”

138 429 193 490 141
236 429 419 506 Ἀλέξανδρος
432 433 483 506 μὲν
495 432 584 490 ταῦτα
601 429 686 498 έλεξ·
728 430 941 506 Λακεδαιμόνιοι
955 431 985 490 δὲ

174 517 336 594 πυθόμενοι
345 516 421 592 ἥκειν
430 515 614 594 Ἀλέξανδρον
624 522 651 580 ές
663 516 783 592 Ἀθήνας
794 522 820 579 ε’ς
830 517 984 598 ὁμολογίην

186 604 287 674 ἅξοντα
300 595 338 682 τῷ
351 604 491 683 βορβόρῳ
504 603 675 680 Ἀθηναίους,
691 603 912 681 ἀναμνησθέντες
929 610 984 667 τῶν

187 693 297 774 λογίων,
312 691 347 755 ὥς
361 700 452 768 σφεας
464 691 548 770 χρεόν
562 697 623 752 ἐστι
636 691 694 769 ἅμα
707 695 783 752 τοῖσι
797 691 915 752 ἄλλοισι
924 699 984 752 Δω-

184 785 275 858 ριεῦσι
286 779 427 840 ἐκπίπτειν
438 783 467 838 ἐκ
476 779 699 856 Πελοποννήσου
708 778 763 839 ύπῶ
777 780 882 856 Μήδων
893 807 924 840 τε
937 783 983 842 καί

184 865 345 945 Ἀθηναίων,
368 867 455 948 κάρτα
475 893 506 928 τε
528 867 636 926 ἔδεισαν
657 869 698 945 μή
720 867 922 949 ὁμολογήσωσι
945 875 983 950 τῷ

186 957 286 1036 Πέρσῃ
296 956 447 1032 Ἀθηναῖοι,
459 955 557 1018 αὐτίκα
569 955 602 1016 τέ
614 961 670 1031 σφι
684 956 759 1025 ἔδοξε
772 956 891 1033 πέμπειν
901 957 982 1038 οἰγγέ-

184 1047 261 1108 λους·
281 1045 326 1104 καὶ
345 1043 379 1120 δή
396 1044 547 1106 συνέπιπτε
568 1044 641 1104 ῶστε
656 1041 729 1122 όμοῦ
744 1042 840 1120 σφέων
854 1045 982 1124 γίνεσθαι

185 1132 237 1208 τήν
255 1131 438 1192 κατάστασιν·
461 1132 640 1209 ἐπανέμειναν
654 1131 709 1212 γὰρ
724 1134 750 1190 οἰ
766 1130 909 1208 Ἀθηναῖοι
925 1132 981 1192 δια-

185 1221 338 1298 τρίβοντες,
348 1219 378 1280 εὖ
391 1219 571 1298 ἐπιστάμενοι
584 1219 628 1280 ὅτι
641 1221 761 1296 ἔμελλον
770 1219 982 1297 Λακεδαιμόνιοι

184 1308 340 1386 πεύσεσθαι
357 1308 461 1384 ἥκοντα
476 1308 553 1386 παρὰ
567 1312 617 1368 τοῦ
632 1306 785 1386 βαρβάρου
800 1307 922 1390 ἄγγελον
939 1309 981 1368 ἐπ’

185 1395 332 1478 ὁμολογίῃ,
349 1397 503 1472 πυθόμενοί
519 1421 550 1458 τε
567 1397 689 1474 πέμψειν
706 1395 776 1456 κοτοί
794 1395 880 1474 τοίχος
900 1395 981 1478 οἶγγέ-

185 1486 262 1546 λους·
283 1483 408 1559 ἐπίτηδες
420 1483 457 1544 ῶν
467 1483 583 1553 ἐποίευν,
597 1482 794 1561 ἐνδεικνύμενοι
805 1487 882 1542 τοῖσι
893 1490 981 1544 Λακε-

140 1572 196 1630 142
207 1571 374 1648 δαιμονίοισι
387 1570 439 1646 τήν
458 1574 562 1633 ἑωυτῶν
577 1570 698 1651 γνώμην.
734 1570 783 1633 Ὡς
797 1571 825 1630 δὲ
839 1571 981 1632 ε’παύσατο

185 1659 275 1739 λέγων
281 1657 473 1736 Ἀλέξανδρος,
484 1658 672 1735 διαδεξόμενοι
681 1659 777 1741 ἔλεγον
786 1661 812 1718 οἶ
822 1657 878 1719 ἀπό
889 1658 981 1736 Σπόρ·

185 1771 235 1822 της
248 1744 373 1828 ἄγγελοι·
408 1757 425 1782 “
433 1745 521 1824 ἡμέας
534 1747 563 1806 δὲ
577 1747 702 1826 ἔπεμψαν
715 1745 927 1824 Λακεδαιμόνιοι
940 1747 982 1807 δε-

186 1834 340 1912 ησομένους
352 1832 450 1911 ῶμέων,
463 1834 535 1912 μήτε
551 1834 681 1913 νεῶτερον
694 1835 798 1896 ποιέειν
812 1835 898 1913 μηδὲν
911 1836 983 1896 κατὰ

186 1922 237 1998 τήν
249 1921 383 1994 Ἑλλάδα,
392 1922 463 2001 μήτε
475 1922 578 2006 λόγους
592 1923 749 1985 ἐνδέκεσθαι
761 1923 838 2001 παρῶ
851 1927 901 1984 τοῦ
910 1924 980 2003 βαρ-

185 2009 287 2088 βάρου·
302 2010 365 2071 οὔτε
378 2011 434 2093 γοίρ
448 2011 553 2072 δίκαιον
564 2010 690 2089 οὐδαμῶς
700 2009 764 2072 οὔτε
778 2011 885 2089 κόσμον
896 2012 982 2090 φέρον

187 2098 250 2159 οὔτε
262 2125 295 2180 γε
309 2098 426 2160 ἄλλοισι
438 2099 582 2176 Ἑλλήνων
596 2099 753 2177 οὐδαμοῖσι,
767 2098 832 2177 ύμῖν
846 2100 875 2159 δὲ
889 2100 922 2176 δή
937 2102 983 2160 καὶ

188 2185 233 2246 διῶ
253 2186 362 2246 πόντων
384 2187 495 2263 ἥκιστα,
517 2190 633 2247 πολλῶν
653 2187 751 2246 εἵνεκα·
782 2188 903 2269 ε’γείρατε
926 2188 982 2270 γῶρ

186 2273 267 2334 τόνδε
284 2274 333 2334 τῶν
348 2273 474 2352 πόλεμον
489 2273 574 2351 ύμεῖς,
592 2274 670 2334 ούδέν
685 2273 778 2353 ἡμέων
792 2277 981 2352 βουλομένων,

188 2361 235 2421 καὶ
247 2360 311 2438 περὶ
326 2365 375 2437 τῆς
388 2360 520 2440 ύμετέρης
533 2362 622 2442 ἀρχῆς
636 2362 652 2424 ό
665 2361 740 2445 ἅγῶν
753 2364 870 2445 ἐγένετο·
891 2367 940 2424 νῦν
954 2363 984 2423 δὲ

189 2450 269 2526 φέρει
282 2450 328 2508 καί
342 2453 369 2513 ές
382 2454 478 2512 πᾶσαν
490 2451 542 2528 τήν
554 2451 689 2512 Ἑλλάδα.
731 2451 824 2515 ἄλλως
837 2477 866 2511 τε
880 2451 984 2513 τούτων

187 2536 315 2597 ἁπάντων
329 2538 432 2602 αἰτίους
444 2540 576 2621 γένεσθαι
589 2538 761 2616 δουλοσύνης
773 2544 849 2600 τοῖσι
857 2538 985 2616 Ἕλλησι

188 2622 358 2702 Ἀθηναίους,
376 2626 500 2706 ούδαμῶς
517 2626 683 2706 ἀνασχετόν·
710 2627 809 2692 οἵτινες
822 2629 874 2688 αἰεὶ
891 2632 937 2687 καί
951 2630 984 2688 τό

189 2713 279 2774 πύλαι
292 2716 428 2790 φαίνεσθε
440 2715 566 2780 πολλούς
579 2714 813 2794 ἐλευθερώσαντες
826 2715 985 2793 ἀνθρώπων·

188 2803 390 2880 πιεζευμένοισι
403 2803 497 2881 μέντοι
510 2799 575 2880 ύμῖν
588 2801 795 2883 συναχθόμεθα,
807 2805 853 2864 καὶ
866 2804 909 2864 ὅτι
923 2829 987 2882 καρ-

189 2893 249 2951 πῶν
272 2891 440 2968 έστερήθητε
461 2890 540 2959 διξῶν
561 2888 615 2968 ἤδη
641 2893 687 2952 καί
713 2892 757 2953 ὅτι
780 2892 987 2970 οἰκοφθόρησθε

189 2977 291 3058 χρόνον
306 2977 360 3054 ήδη
381 2976 501 3038 πολλόν·
521 2976 582 3039 οἶντί
599 2978 748 3040 τούτωνδέ
768 2979 834 3058 ύμῖν
853 2979 988 3040 Λακεδαι-

189 3065 285 3144 μόνιοί
299 3091 331 3126 τε
349 3065 395 3124 καὶ
412 3068 439 3124 οἶ
456 3064 603 3145 σύμμαχοι
619 3068 844 3148 ἐπαγγέλλονται
856 3065 989 3150 γυναῖκιίς

190 3180 221 3214 τε
243 3155 289 3213 καὶ
310 3152 346 3213 τῶ
368 3158 395 3217 ἐς
416 3152 543 3230 πόλεμον
565 3151 695 3234 ἄχρηστα
723 3156 848 3217 οἰκετέων
869 3156 990 3236 ἐχόμενα

191 3240 283 3302 πάντα
297 3241 462 3330 ε’πιθρέψειν,
473 3241 530 3302 ἔστ’
544 3240 578 3303 ἂν
591 3242 607 3302 ό
620 3243 744 3320 πόλεμος
757 3242 804 3302 ὅδε
818 3243 990 3322 συνεστήκῃ.
