<?xml version="1.0" encoding="UTF-8"?>
<!DOCTYPE html PUBLIC "-//W3C//DTD XHTML 1.0 Transitional//EN"
    "http://www.w3.org/TR/xhtml1/DTD/xhtml1-transitional.dtd">
<html xmlns="http://www.w3.org/1999/xhtml" xml:lang="en" lang="en">
 <head>
  <title>
</title>
<meta http-equiv="Content-Type" content="text/html;charset=utf-8" />
  <meta name='ocr-system' content='tesseract 3.04.00' />
  <meta name='ocr-capabilities' content='ocr_page ocr_carea ocr_par ocr_line ocrx_word'/>
</head>
<body>
  <div class='ocr_page' id='page_1' title='image "./herodotusrecens01blakgoog_0186.png"; bbox 0 0 2294 3430; ppageno 0'>
   <div class='ocr_carea' id='block_1_1' title="bbox 75 121 1002 3396">
    <p class='ocr_par' dir='ltr' id='par_1_1' title="bbox 75 121 1002 3396">
     <span class='ocr_line' id='line_1_1' title="bbox 158 121 957 197; baseline -0.001 -25"><span class='ocrx_word' id='word_1_1' title='bbox 158 122 297 189; x_wconf 76' lang='grc' dir='ltr'>ιιι-ιιι]</span> <span class='ocrx_word' id='word_1_2' title='bbox 467 122 651 197; x_wconf 65' lang='lat' dir='ltr'>nomm.</span> <span class='ocrx_word' id='word_1_3' title='bbox 910 121 957 175; x_wconf 77' lang='grc' dir='ltr'>ιιι</span> 
     </span>
     <span class='ocr_line' id='line_1_2' title="bbox 157 199 958 285; baseline 0.002 -23"><span class='ocrx_word' id='word_1_4' title='bbox 157 202 270 279; x_wconf 82' lang='grc' dir='ltr'><em>Μήδων,</em></span> <span class='ocrx_word' id='word_1_5' title='bbox 292 205 419 282; x_wconf 81' lang='grc' dir='ltr'>ἔπεμψαν</span> <span class='ocrx_word' id='word_1_6' title='bbox 439 203 526 285; x_wconf 85' lang='grc' dir='ltr'>ήμέας</span> <span class='ocrx_word' id='word_1_7' title='bbox 547 202 762 280; x_wconf 86' lang='grc' dir='ltr'>Λακεδαιμόνιοι</span> <span class='ocrx_word' id='word_1_8' title='bbox 779 199 841 263; x_wconf 82' lang='grc' dir='ltr'>άντὶ</span> <span class='ocrx_word' id='word_1_9' title='bbox 855 205 910 264; x_wconf 80' lang='grc' dir='ltr'>τῶν</span> <span class='ocrx_word' id='word_1_10' title='bbox 928 207 958 264; x_wconf 80' lang='grc' dir='ltr'>ἓν</span> 
     </span>
     <span class='ocr_line' id='line_1_3' title="bbox 158 290 959 369; baseline 0.005 -21"><span class='ocrx_word' id='word_1_11' title='bbox 158 290 274 369; x_wconf 82' lang='grc' dir='ltr'>Σπάρτῃ</span> <span class='ocrx_word' id='word_1_12' title='bbox 287 290 469 368; x_wconf 75' lang='grc' dir='ltr'>ἀπολομένων</span> <span class='ocrx_word' id='word_1_13' title='bbox 482 291 613 369; x_wconf 82' lang='grc' dir='ltr'>κηρύκων,</span> <span class='ocrx_word' id='word_1_14' title='bbox 627 291 726 367; x_wconf 82' lang='grc' dir='ltr'>ποινήν</span> <span class='ocrx_word' id='word_1_15' title='bbox 744 290 852 351; x_wconf 80' lang='grc' dir='ltr'>ἐκείνων</span> <span class='ocrx_word' id='word_1_16' title='bbox 864 291 959 352; x_wconf 87' lang='grc' dir='ltr'>τίσον-</span> 
     </span>
     <span class='ocr_line' id='line_1_4' title="bbox 156 377 956 460; baseline 0 -21"><span class='ocrx_word' id='word_1_17' title='bbox 156 377 231 442; x_wconf 81' lang='grc' dir='ltr'>τας·”</span> <span class='ocrx_word' id='word_1_18' title='bbox 258 379 377 460; x_wconf 85' lang='grc' dir='ltr'>λέγουσι</span> <span class='ocrx_word' id='word_1_19' title='bbox 390 379 419 438; x_wconf 80' lang='grc' dir='ltr'>δὲ</span> <span class='ocrx_word' id='word_1_20' title='bbox 433 378 543 440; x_wconf 74' lang='grc' dir='ltr'>αὐτοῖσι</span> <span class='ocrx_word' id='word_1_21' title='bbox 555 383 643 440; x_wconf 80' lang='grc' dir='ltr'>ταῦτα</span> <span class='ocrx_word' id='word_1_22' title='bbox 653 379 758 457; x_wconf 76' lang='grc' dir='ltr'>Ξέρξης</span> <span class='ocrx_word' id='word_1_23' title='bbox 768 378 822 438; x_wconf 77' lang='grc' dir='ltr'>ὖπδ</span> <span class='ocrx_word' id='word_1_24' title='bbox 835 383 956 460; x_wconf 83' lang='grc' dir='ltr'>μεγαλο-</span> 
     </span>
     <span class='ocr_line' id='line_1_5' title="bbox 157 465 955 544; baseline 0 -18"><span class='ocrx_word' id='word_1_25' title='bbox 157 465 301 544; x_wconf 76' lang='grc' dir='ltr'>φροσύνης</span> <span class='ocrx_word' id='word_1_26' title='bbox 317 465 366 525; x_wconf 74' lang='grc' dir='ltr'>οὐκ</span> <span class='ocrx_word' id='word_1_27' title='bbox 383 467 437 542; x_wconf 83' lang='grc' dir='ltr'>ἔφη</span> <span class='ocrx_word' id='word_1_28' title='bbox 453 465 549 544; x_wconf 83' lang='grc' dir='ltr'>ὄμοῖος</span> <span class='ocrx_word' id='word_1_29' title='bbox 566 467 683 527; x_wconf 76' lang='grc' dir='ltr'>ἔσεσθαι</span> <span class='ocrx_word' id='word_1_30' title='bbox 701 467 955 544; x_wconf 89' lang='grc' dir='ltr'>Λακεδαιμονίοισι·</span> 
     </span>
     <span class='ocr_line' id='line_1_6' title="bbox 158 552 955 635; baseline 0 -23"><span class='ocrx_word' id='word_1_31' title='bbox 158 554 261 616; x_wconf 86' lang='grc' dir='ltr'>κείνους</span> <span class='ocrx_word' id='word_1_32' title='bbox 268 555 319 630; x_wconf 80' lang='grc' dir='ltr'>μὲν</span> <span class='ocrx_word' id='word_1_33' title='bbox 326 552 382 635; x_wconf 80' lang='grc' dir='ltr'>γάρ</span> <span class='ocrx_word' id='word_1_34' title='bbox 393 555 513 635; x_wconf 71' lang='grc' dir='ltr'>συγχέαι</span> <span class='ocrx_word' id='word_1_35' title='bbox 520 553 556 614; x_wconf 81' lang='grc' dir='ltr'>τά</span> <span class='ocrx_word' id='word_1_36' title='bbox 564 554 674 614; x_wconf 91' lang='grc' dir='ltr'>πάντων</span> <span class='ocrx_word' id='word_1_37' title='bbox 682 553 832 632; x_wconf 77' lang='grc' dir='ltr'>ἀνθρώπων</span> <span class='ocrx_word' id='word_1_38' title='bbox 842 553 955 632; x_wconf 86' lang='grc' dir='ltr'>νόμιμα,</span> 
     </span>
     <span class='ocr_line' id='line_1_7' title="bbox 157 640 955 718; baseline 0.001 -19"><span class='ocrx_word' id='word_1_39' title='bbox 157 640 370 704; x_wconf 86' lang='grc' dir='ltr'>αἶποκτείναντας</span> <span class='ocrx_word' id='word_1_40' title='bbox 389 641 516 718; x_wconf 86' lang='grc' dir='ltr'>κήρυκας·</span> <span class='ocrx_word' id='word_1_41' title='bbox 546 640 628 706; x_wconf 79' lang='grc' dir='ltr'>αὖτός</span> <span class='ocrx_word' id='word_1_42' title='bbox 649 642 679 701; x_wconf 81' lang='grc' dir='ltr'>δὲ</span> <span class='ocrx_word' id='word_1_43' title='bbox 698 641 734 702; x_wconf 86' lang='grc' dir='ltr'>ταὶ</span> <span class='ocrx_word' id='word_1_44' title='bbox 760 643 875 702; x_wconf 90' lang='grc' dir='ltr'>κείνοισι</span> <span class='ocrx_word' id='word_1_45' title='bbox 899 646 955 701; x_wconf 90' lang='grc' dir='ltr'>ε’πι-</span> 
     </span>
     <span class='ocr_line' id='line_1_8' title="bbox 157 727 955 804; baseline 0 -17"><span class='ocrx_word' id='word_1_46' title='bbox 157 727 285 804; x_wconf 88' lang='grc' dir='ltr'>πλήσσει</span> <span class='ocrx_word' id='word_1_47' title='bbox 302 731 390 788; x_wconf 79' lang='grc' dir='ltr'>ταῦτα</span> <span class='ocrx_word' id='word_1_48' title='bbox 401 727 433 789; x_wconf 76' lang='grc' dir='ltr'>οὐ</span> <span class='ocrx_word' id='word_1_49' title='bbox 444 727 581 804; x_wconf 82' lang='grc' dir='ltr'>ποιήσειν,</span> <span class='ocrx_word' id='word_1_50' title='bbox 597 728 652 788; x_wconf 76' lang='grc' dir='ltr'>οὐδ’</span> <span class='ocrx_word' id='word_1_51' title='bbox 663 728 876 790; x_wconf 88' lang='grc' dir='ltr'>α’νταποκτείνας</span> <span class='ocrx_word' id='word_1_52' title='bbox 890 729 955 788; x_wconf 90' lang='grc' dir='ltr'>ε’κεί-</span> 
     </span>
     <span class='ocr_line' id='line_1_9' title="bbox 157 811 1002 893; baseline 0.001 -18"><span class='ocrx_word' id='word_1_53' title='bbox 157 841 227 887; x_wconf 90' lang='grc' dir='ltr'>νους,</span> <span class='ocrx_word' id='word_1_54' title='bbox 244 814 400 877; x_wconf 82' lang='grc' dir='ltr'>άπολύσειν</span> <span class='ocrx_word' id='word_1_55' title='bbox 419 816 653 893; x_wconf 87' lang='grc' dir='ltr'>Λακεδαιμονίους</span> <span class='ocrx_word' id='word_1_56' title='bbox 666 819 717 892; x_wconf 86' lang='grc' dir='ltr'>τῆς</span> <span class='ocrx_word' id='word_1_57' title='bbox 735 817 830 891; x_wconf 75' lang='grc' dir='ltr'>αἰτίης·</span> <span class='ocrx_word' id='word_1_58' title='bbox 854 814 934 875; x_wconf 71' lang='grc' dir='ltr'>Οὕτω</span> <span class='ocrx_word' id='word_1_59' title='bbox 945 811 1002 876; x_wconf 80' lang='grc'>137</span> 
     </span>
     <span class='ocr_line' id='line_1_10' title="bbox 157 901 955 981; baseline -0.004 -19"><span class='ocrx_word' id='word_1_60' title='bbox 157 901 176 979; x_wconf 78' lang='grc' dir='ltr'>η’</span> <span class='ocrx_word' id='word_1_61' title='bbox 195 904 360 981; x_wconf 86' lang='grc' dir='ltr'>Ταλθυβίου</span> <span class='ocrx_word' id='word_1_62' title='bbox 380 907 469 981; x_wconf 82' lang='grc' dir='ltr'>μῆνις,</span> <span class='ocrx_word' id='word_1_63' title='bbox 492 904 537 962; x_wconf 87' lang='grc' dir='ltr'>καὶ</span> <span class='ocrx_word' id='word_1_64' title='bbox 558 905 645 962; x_wconf 85' lang='grc' dir='ltr'>ταῦτα</span> <span class='ocrx_word' id='word_1_65' title='bbox 667 901 843 978; x_wconf 90' lang='grc' dir='ltr'>ποιησάντων</span> <span class='ocrx_word' id='word_1_66' title='bbox 863 903 955 978; x_wconf 76' lang='grc' dir='ltr'>Σπαρ-</span> 
     </span>
     <span class='ocr_line' id='line_1_11' title="bbox 157 988 955 1068; baseline 0 -20"><span class='ocrx_word' id='word_1_67' title='bbox 157 991 278 1066; x_wconf 91' lang='grc' dir='ltr'>τιητέων,</span> <span class='ocrx_word' id='word_1_68' title='bbox 301 991 443 1052; x_wconf 79' lang='grc' dir='ltr'>ἐπαύσατο</span> <span class='ocrx_word' id='word_1_69' title='bbox 465 989 499 1051; x_wconf 77' lang='grc' dir='ltr'>τά</span> <span class='ocrx_word' id='word_1_70' title='bbox 525 991 688 1068; x_wconf 85' lang='grc' dir='ltr'>παραυτίκα,</span> <span class='ocrx_word' id='word_1_71' title='bbox 717 989 815 1066; x_wconf 91' lang='grc' dir='ltr'>καίπερ</span> <span class='ocrx_word' id='word_1_72' title='bbox 835 988 955 1048; x_wconf 87' lang='grc' dir='ltr'>α’πονοσ·</span> 
     </span>
     <span class='ocr_line' id='line_1_12' title="bbox 157 1075 955 1156; baseline 0.001 -18"><span class='ocrx_word' id='word_1_73' title='bbox 157 1077 301 1154; x_wconf 89' lang='grc' dir='ltr'>τησάντων</span> <span class='ocrx_word' id='word_1_74' title='bbox 324 1084 352 1144; x_wconf 84' lang='grc' dir='ltr'>ές</span> <span class='ocrx_word' id='word_1_75' title='bbox 376 1078 508 1156; x_wconf 77' lang='grc' dir='ltr'>Σπάρτην</span> <span class='ocrx_word' id='word_1_76' title='bbox 534 1077 675 1156; x_wconf 70' lang='grc' dir='ltr'>Σπερθίεώ</span> <span class='ocrx_word' id='word_1_77' title='bbox 701 1103 731 1137; x_wconf 91' lang='grc' dir='ltr'>τε</span> <span class='ocrx_word' id='word_1_78' title='bbox 754 1077 800 1136; x_wconf 86' lang='grc' dir='ltr'>καὶ</span> <span class='ocrx_word' id='word_1_79' title='bbox 814 1075 955 1139; x_wconf 75' lang='grc' dir='ltr'>Βούλιος·</span> 
     </span>
     <span class='ocr_line' id='line_1_13' title="bbox 157 1161 954 1247; baseline -0.003 -21"><span class='ocrx_word' id='word_1_80' title='bbox 157 1165 248 1246; x_wconf 82' lang='grc' dir='ltr'>χρόνῳ</span> <span class='ocrx_word' id='word_1_81' title='bbox 273 1167 303 1226; x_wconf 75' lang='grc' dir='ltr'>δὲ</span> <span class='ocrx_word' id='word_1_82' title='bbox 328 1167 477 1244; x_wconf 89' lang='grc' dir='ltr'>μετέπειτα</span> <span class='ocrx_word' id='word_1_83' title='bbox 503 1169 602 1244; x_wconf 76' lang='grc' dir='ltr'>πολλῷ</span> <span class='ocrx_word' id='word_1_84' title='bbox 629 1165 777 1247; x_wconf 79' lang='grc' dir='ltr'>ἐπηγέρθη,</span> <span class='ocrx_word' id='word_1_85' title='bbox 804 1163 874 1224; x_wconf 82' lang='grc' dir='ltr'>κατά</span> <span class='ocrx_word' id='word_1_86' title='bbox 904 1161 954 1224; x_wconf 75' lang='grc' dir='ltr'>τόν</span> 
     </span>
     <span class='ocr_line' id='line_1_14' title="bbox 159 1251 954 1332; baseline -0.001 -21"><span class='ocrx_word' id='word_1_87' title='bbox 159 1255 394 1330; x_wconf 87' lang='grc' dir='ltr'>Πελοποννησίων</span> <span class='ocrx_word' id='word_1_88' title='bbox 410 1255 456 1313; x_wconf 89' lang='grc' dir='ltr'>καὶ</span> <span class='ocrx_word' id='word_1_89' title='bbox 468 1253 622 1330; x_wconf 88' lang='grc' dir='ltr'>Ἀθηναίων</span> <span class='ocrx_word' id='word_1_90' title='bbox 639 1253 774 1330; x_wconf 85' lang='grc' dir='ltr'>πόλεμον,</span> <span class='ocrx_word' id='word_1_91' title='bbox 789 1251 824 1316; x_wconf 70' lang='grc' dir='ltr'>οἷς</span> <span class='ocrx_word' id='word_1_92' title='bbox 837 1251 954 1332; x_wconf 84' lang='grc' dir='ltr'>λέγουσι</span> 
     </span>
     <span class='ocr_line' id='line_1_15' title="bbox 158 1339 954 1419; baseline -0.001 -20"><span class='ocrx_word' id='word_1_93' title='bbox 158 1339 378 1419; x_wconf 89' lang='grc' dir='ltr'>Λακεδαιμόνιοι.</span> <span class='ocrx_word' id='word_1_94' title='bbox 419 1340 503 1401; x_wconf 82' lang='grc' dir='ltr'>τοῦτό</span> <span class='ocrx_word' id='word_1_95' title='bbox 522 1367 572 1418; x_wconf 91' lang='grc' dir='ltr'>μοι</span> <span class='ocrx_word' id='word_1_96' title='bbox 589 1345 618 1400; x_wconf 79' lang='grc' dir='ltr'>ἐν</span> <span class='ocrx_word' id='word_1_97' title='bbox 635 1345 711 1401; x_wconf 82' lang='grc' dir='ltr'>τοῖσι</span> <span class='ocrx_word' id='word_1_98' title='bbox 729 1339 872 1401; x_wconf 84' lang='grc' dir='ltr'>θειότατον</span> <span class='ocrx_word' id='word_1_99' title='bbox 890 1339 954 1416; x_wconf 85' lang='grc' dir='ltr'>φαί-</span> 
     </span>
     <span class='ocr_line' id='line_1_16' title="bbox 158 1425 955 1510; baseline 0.004 -23"><span class='ocrx_word' id='word_1_100' title='bbox 158 1454 232 1488; x_wconf 86' lang='grc' dir='ltr'>νεται</span> <span class='ocrx_word' id='word_1_101' title='bbox 245 1429 385 1510; x_wconf 81' lang='grc' dir='ltr'>γενέσθαι.</span> <span class='ocrx_word' id='word_1_102' title='bbox 421 1428 465 1489; x_wconf 79' lang='grc' dir='ltr'>ὅτι</span> <span class='ocrx_word' id='word_1_103' title='bbox 477 1430 528 1506; x_wconf 80' lang='grc' dir='ltr'>μὲν</span> <span class='ocrx_word' id='word_1_104' title='bbox 537 1428 592 1508; x_wconf 83' lang='grc' dir='ltr'>γάρ</span> <span class='ocrx_word' id='word_1_105' title='bbox 606 1429 764 1507; x_wconf 79' lang='grc' dir='ltr'>κατέσκηψε</span> <span class='ocrx_word' id='word_1_106' title='bbox 778 1432 805 1492; x_wconf 83' lang='grc' dir='ltr'>ές</span> <span class='ocrx_word' id='word_1_107' title='bbox 818 1425 955 1510; x_wconf 73' lang='grc' dir='ltr'>ἀγγέλους</span> 
     </span>
     <span class='ocr_line' id='line_1_17' title="bbox 158 1513 953 1594; baseline -0.001 -19"><span class='ocrx_word' id='word_1_108' title='bbox 158 1515 177 1591; x_wconf 80' lang='grc' dir='ltr'><em>ἡ</em></span> <span class='ocrx_word' id='word_1_109' title='bbox 196 1517 360 1594; x_wconf 82' lang='grc' dir='ltr'>Ταλθυβίου</span> <span class='ocrx_word' id='word_1_110' title='bbox 379 1521 469 1594; x_wconf 81' lang='grc' dir='ltr'>μῆνις,</span> <span class='ocrx_word' id='word_1_111' title='bbox 489 1515 551 1576; x_wconf 79' lang='grc' dir='ltr'>οὐδὲ</span> <span class='ocrx_word' id='word_1_112' title='bbox 567 1516 709 1577; x_wconf 82' lang='grc' dir='ltr'>ε’παόσατο</span> <span class='ocrx_word' id='word_1_113' title='bbox 724 1517 790 1594; x_wconf 84' lang='grc' dir='ltr'>πρὶν</span> <span class='ocrx_word' id='word_1_114' title='bbox 807 1513 826 1592; x_wconf 80' lang='grc' dir='ltr'>ἢ</span> <span class='ocrx_word' id='word_1_115' title='bbox 845 1515 953 1592; x_wconf 74' lang='grc' dir='ltr'>ἐξῆλθε,</span> 
     </span>
     <span class='ocr_line' id='line_1_18' title="bbox 158 1602 953 1682; baseline 0.005 -19"><span class='ocrx_word' id='word_1_116' title='bbox 158 1602 190 1663; x_wconf 81' lang='grc' dir='ltr'>τά</span> <span class='ocrx_word' id='word_1_117' title='bbox 211 1605 316 1665; x_wconf 89' lang='grc' dir='ltr'>δίκαιον</span> <span class='ocrx_word' id='word_1_118' title='bbox 338 1603 408 1664; x_wconf 80' lang='grc' dir='ltr'>οὕτω</span> <span class='ocrx_word' id='word_1_119' title='bbox 430 1605 521 1682; x_wconf 79' lang='grc' dir='ltr'>ἔφερε·</span> <span class='ocrx_word' id='word_1_120' title='bbox 552 1604 585 1664; x_wconf 82' lang='grc' dir='ltr'>τδ</span> <span class='ocrx_word' id='word_1_121' title='bbox 607 1605 637 1663; x_wconf 82' lang='grc' dir='ltr'>δὲ</span> <span class='ocrx_word' id='word_1_122' title='bbox 660 1607 816 1681; x_wconf 81' lang='grc' dir='ltr'>συμπεσεῖν</span> <span class='ocrx_word' id='word_1_123' title='bbox 839 1609 866 1666; x_wconf 84' lang='grc' dir='ltr'>ές</span> <span class='ocrx_word' id='word_1_124' title='bbox 888 1603 953 1667; x_wconf 74' lang='grc' dir='ltr'>τοῦς</span> 
     </span>
     <span class='ocr_line' id='line_1_19' title="bbox 158 1690 954 1770; baseline 0.005 -20"><span class='ocrx_word' id='word_1_125' title='bbox 158 1692 256 1755; x_wconf 85' lang='grc' dir='ltr'>παῖδας</span> <span class='ocrx_word' id='word_1_126' title='bbox 282 1697 335 1753; x_wconf 77' lang='grc' dir='ltr'>τῶν</span> <span class='ocrx_word' id='word_1_127' title='bbox 362 1691 467 1770; x_wconf 82' lang='grc' dir='ltr'>άνδρῶν</span> <span class='ocrx_word' id='word_1_128' title='bbox 489 1690 593 1752; x_wconf 79' lang='grc' dir='ltr'>τούτων</span> <span class='ocrx_word' id='word_1_129' title='bbox 617 1696 672 1752; x_wconf 82' lang='grc' dir='ltr'>τῶν</span> <span class='ocrx_word' id='word_1_130' title='bbox 695 1691 858 1768; x_wconf 78' lang='grc' dir='ltr'>ἀναβάντων</span> <span class='ocrx_word' id='word_1_131' title='bbox 884 1690 954 1769; x_wconf 78' lang='grc' dir='ltr'>πρός</span> 
     </span>
     <span class='ocr_line' id='line_1_20' title="bbox 157 1778 953 1856; baseline 0.005 -18"><span class='ocrx_word' id='word_1_132' title='bbox 157 1779 283 1854; x_wconf 82' lang='grc' dir='ltr'>βασιλέα</span> <span class='ocrx_word' id='word_1_133' title='bbox 298 1779 343 1838; x_wconf 82' lang='grc' dir='ltr'>διά</span> <span class='ocrx_word' id='word_1_134' title='bbox 360 1779 412 1856; x_wconf 84' lang='grc' dir='ltr'>τήν</span> <span class='ocrx_word' id='word_1_135' title='bbox 429 1783 520 1856; x_wconf 81' lang='grc' dir='ltr'>μῆνιν,</span> <span class='ocrx_word' id='word_1_136' title='bbox 535 1783 563 1843; x_wconf 81' lang='grc' dir='ltr'>ές</span> <span class='ocrx_word' id='word_1_137' title='bbox 580 1778 708 1840; x_wconf 83' lang='grc' dir='ltr'>Νικόλαν</span> <span class='ocrx_word' id='word_1_138' title='bbox 720 1807 751 1840; x_wconf 93' lang='grc' dir='ltr'>τε</span> <span class='ocrx_word' id='word_1_139' title='bbox 763 1780 813 1840; x_wconf 83' lang='grc' dir='ltr'>τὸν</span> <span class='ocrx_word' id='word_1_140' title='bbox 826 1779 953 1848; x_wconf 80' lang='grc' dir='ltr'>Βούλιος,</span> 
     </span>
     <span class='ocr_line' id='line_1_21' title="bbox 158 1864 955 1944; baseline -0.001 -19"><span class='ocrx_word' id='word_1_141' title='bbox 158 1867 203 1925; x_wconf 82' lang='grc' dir='ltr'>καὶ</span> <span class='ocrx_word' id='word_1_142' title='bbox 217 1872 244 1930; x_wconf 81' lang='grc' dir='ltr'>ἐς</span> <span class='ocrx_word' id='word_1_143' title='bbox 256 1865 423 1943; x_wconf 82' lang='grc' dir='ltr'>Ἀνήριστον</span> <span class='ocrx_word' id='word_1_144' title='bbox 440 1865 490 1926; x_wconf 77' lang='grc' dir='ltr'>τᾶν</span> <span class='ocrx_word' id='word_1_145' title='bbox 507 1867 655 1944; x_wconf 87' lang='grc' dir='ltr'>Σπερθίεω,</span> <span class='ocrx_word' id='word_1_146' title='bbox 669 1867 699 1930; x_wconf 80' lang='grc' dir='ltr'>ὃς</span> <span class='ocrx_word' id='word_1_147' title='bbox 712 1867 770 1927; x_wconf 86' lang='grc' dir='ltr'>εἶλε</span> <span class='ocrx_word' id='word_1_148' title='bbox 783 1866 878 1930; x_wconf 82' lang='grc' dir='ltr'>άλιέας</span> <span class='ocrx_word' id='word_1_149' title='bbox 890 1864 955 1930; x_wconf 72' lang='grc' dir='ltr'>τούς</span> 
     </span>
     <span class='ocr_line' id='line_1_22' title="bbox 158 1951 953 2032; baseline 0.003 -22"><span class='ocrx_word' id='word_1_150' title='bbox 158 1958 188 2012; x_wconf 83' lang='grc' dir='ltr'>ἐκ</span> <span class='ocrx_word' id='word_1_151' title='bbox 214 1953 354 2030; x_wconf 82' lang='grc' dir='ltr'>Τίρυνθος,</span> <span class='ocrx_word' id='word_1_152' title='bbox 379 1951 478 2012; x_wconf 80' lang='grc' dir='ltr'>ὁλκάδι</span> <span class='ocrx_word' id='word_1_153' title='bbox 499 1953 685 2031; x_wconf 80' lang='grc' dir='ltr'>καταπλώσας</span> <span class='ocrx_word' id='word_1_154' title='bbox 711 1953 813 2032; x_wconf 83' lang='grc' dir='ltr'>πλήρεϊ</span> <span class='ocrx_word' id='word_1_155' title='bbox 839 1952 953 2030; x_wconf 76' lang='grc' dir='ltr'>ἀνδρῶν·</span> 
     </span>
     <span class='ocr_line' id='line_1_23' title="bbox 158 2037 955 2123; baseline 0.008 -27"><span class='ocrx_word' id='word_1_156' title='bbox 158 2040 244 2114; x_wconf 80' lang='grc' dir='ltr'>δῆλον</span> <span class='ocrx_word' id='word_1_157' title='bbox 266 2037 302 2098; x_wconf 82' lang='grc' dir='ltr'>ὧν</span> <span class='ocrx_word' id='word_1_158' title='bbox 321 2064 371 2115; x_wconf 90' lang='grc' dir='ltr'>μοι</span> <span class='ocrx_word' id='word_1_159' title='bbox 391 2037 435 2098; x_wconf 84' lang='grc' dir='ltr'>ὅτι</span> <span class='ocrx_word' id='word_1_160' title='bbox 455 2039 530 2104; x_wconf 77' lang='grc' dir='ltr'>θεῖον</span> <span class='ocrx_word' id='word_1_161' title='bbox 547 2039 655 2121; x_wconf 80' lang='grc' dir='ltr'>ἐγένετο</span> <span class='ocrx_word' id='word_1_162' title='bbox 670 2040 703 2100; x_wconf 77' lang='grc' dir='ltr'>τά</span> <span class='ocrx_word' id='word_1_163' title='bbox 721 2047 838 2123; x_wconf 77' lang='grc' dir='ltr'>πρῆγμα</span> <span class='ocrx_word' id='word_1_164' title='bbox 855 2046 885 2100; x_wconf 83' lang='grc' dir='ltr'>ἐκ</span> <span class='ocrx_word' id='word_1_165' title='bbox 904 2043 955 2116; x_wconf 84' lang='grc' dir='ltr'>τῆς</span> 
     </span>
     <span class='ocr_line' id='line_1_24' title="bbox 157 2124 954 2208; baseline 0.005 -24"><span class='ocrx_word' id='word_1_166' title='bbox 157 2124 264 2202; x_wconf 85' lang='grc' dir='ltr'>μήνιος·</span> <span class='ocrx_word' id='word_1_167' title='bbox 299 2128 326 2186; x_wconf 83' lang='grc' dir='ltr'>οἶ</span> <span class='ocrx_word' id='word_1_168' title='bbox 351 2124 414 2208; x_wconf 82' lang='grc' dir='ltr'>γάρ,</span> <span class='ocrx_word' id='word_1_169' title='bbox 442 2127 616 2204; x_wconf 81' lang='grc' dir='ltr'>πεμφθέντες</span> <span class='ocrx_word' id='word_1_170' title='bbox 648 2127 703 2188; x_wconf 74' lang='grc' dir='ltr'>ήπδ</span> <span class='ocrx_word' id='word_1_171' title='bbox 732 2127 954 2206; x_wconf 83' lang='grc' dir='ltr'>Λακεδαιμονίων</span> 
     </span>
     <span class='ocr_line' id='line_1_25' title="bbox 158 2211 955 2294; baseline 0.008 -22"><span class='ocrx_word' id='word_1_172' title='bbox 158 2211 274 2294; x_wconf 82' lang='grc' dir='ltr'>άγγελοι</span> <span class='ocrx_word' id='word_1_173' title='bbox 289 2217 316 2276; x_wconf 80' lang='grc' dir='ltr'>ἐς</span> <span class='ocrx_word' id='word_1_174' title='bbox 328 2213 380 2290; x_wconf 84' lang='grc' dir='ltr'>τήν</span> <span class='ocrx_word' id='word_1_175' title='bbox 392 2213 500 2292; x_wconf 87' lang='grc' dir='ltr'>Ἀσίην,</span> <span class='ocrx_word' id='word_1_176' title='bbox 511 2214 691 2291; x_wconf 79' lang='grc' dir='ltr'>προδοθέντες</span> <span class='ocrx_word' id='word_1_177' title='bbox 704 2216 734 2275; x_wconf 81' lang='grc' dir='ltr'>δὲ</span> <span class='ocrx_word' id='word_1_178' title='bbox 746 2215 801 2276; x_wconf 80' lang='grc' dir='ltr'>ὖπὸ</span> <span class='ocrx_word' id='word_1_179' title='bbox 812 2215 955 2282; x_wconf 78' lang='grc' dir='ltr'>Σιτάλκεω</span> 
     </span>
     <span class='ocr_line' id='line_1_26' title="bbox 156 2300 956 2382; baseline 0.003 -22"><span class='ocrx_word' id='word_1_180' title='bbox 156 2305 207 2360; x_wconf 79' lang='grc' dir='ltr'>τοῦ</span> <span class='ocrx_word' id='word_1_181' title='bbox 219 2300 313 2380; x_wconf 88' lang='grc' dir='ltr'>Τήρεω</span> <span class='ocrx_word' id='word_1_182' title='bbox 327 2302 453 2380; x_wconf 80' lang='grc' dir='ltr'>Θρηίκων</span> <span class='ocrx_word' id='word_1_183' title='bbox 470 2302 618 2380; x_wconf 88' lang='grc' dir='ltr'>βασιλέος,</span> <span class='ocrx_word' id='word_1_184' title='bbox 633 2303 678 2362; x_wconf 85' lang='grc' dir='ltr'>καὶ</span> <span class='ocrx_word' id='word_1_185' title='bbox 696 2303 891 2382; x_wconf 78' lang='grc' dir='ltr'>Νυμφοδώρου</span> <span class='ocrx_word' id='word_1_186' title='bbox 904 2308 956 2363; x_wconf 73' lang='grc' dir='ltr'>τοί</span> 
     </span>
     <span class='ocr_line' id='line_1_27' title="bbox 157 2388 955 2470; baseline 0.005 -22"><span class='ocrx_word' id='word_1_187' title='bbox 157 2388 257 2450; x_wconf 80' lang='grc' dir='ltr'>Πύθεω</span> <span class='ocrx_word' id='word_1_188' title='bbox 278 2388 376 2468; x_wconf 80' lang='grc' dir='ltr'>άνδρδς</span> <span class='ocrx_word' id='word_1_189' title='bbox 393 2389 574 2470; x_wconf 83' lang='grc' dir='ltr'>Ἀβδηρίτεω,</span> <span class='ocrx_word' id='word_1_190' title='bbox 589 2390 705 2467; x_wconf 88' lang='grc' dir='ltr'>ἥλωσαν</span> <span class='ocrx_word' id='word_1_191' title='bbox 722 2391 792 2450; x_wconf 79' lang='grc' dir='ltr'>κατά</span> <span class='ocrx_word' id='word_1_192' title='bbox 809 2391 955 2468; x_wconf 86' lang='grc' dir='ltr'>Βισάνθην</span> 
     </span>
     <span class='ocr_line' id='line_1_28' title="bbox 155 2476 956 2560; baseline 0.002 -23"><span class='ocrx_word' id='word_1_193' title='bbox 155 2476 207 2552; x_wconf 84' lang='grc' dir='ltr'>τήν</span> <span class='ocrx_word' id='word_1_194' title='bbox 221 2483 249 2538; x_wconf 82' lang='grc' dir='ltr'>ἐν</span> <span class='ocrx_word' id='word_1_195' title='bbox 260 2477 472 2560; x_wconf 79' lang='grc' dir='ltr'>Ἑλλησπόντῳ,</span> <span class='ocrx_word' id='word_1_196' title='bbox 485 2479 531 2538; x_wconf 87' lang='grc' dir='ltr'>καὶ</span> <span class='ocrx_word' id='word_1_197' title='bbox 544 2478 715 2558; x_wconf 76' lang='grc' dir='ltr'>ἀπαχθέντες</span> <span class='ocrx_word' id='word_1_198' title='bbox 726 2483 753 2542; x_wconf 79' lang='grc' dir='ltr'>ἐς</span> <span class='ocrx_word' id='word_1_199' title='bbox 762 2479 814 2554; x_wconf 83' lang='grc' dir='ltr'>τήν</span> <span class='ocrx_word' id='word_1_200' title='bbox 826 2477 956 2554; x_wconf 84' lang='grc' dir='ltr'>Ἀττικήν</span> 
     </span>
     <span class='ocr_line' id='line_1_29' title="bbox 156 2563 960 2644; baseline 0.006 -22"><span class='ocrx_word' id='word_1_201' title='bbox 156 2563 295 2626; x_wconf 78' lang='grc' dir='ltr'>ἀπέθανον</span> <span class='ocrx_word' id='word_1_202' title='bbox 312 2567 367 2626; x_wconf 77' lang='grc' dir='ltr'>ὖπδ</span> <span class='ocrx_word' id='word_1_203' title='bbox 382 2567 545 2644; x_wconf 86' lang='grc' dir='ltr'>Ἀθηναίων·</span> <span class='ocrx_word' id='word_1_204' title='bbox 566 2565 638 2644; x_wconf 80' lang='grc' dir='ltr'>μετά</span> <span class='ocrx_word' id='word_1_205' title='bbox 657 2565 687 2625; x_wconf 80' lang='grc' dir='ltr'>δὲ</span> <span class='ocrx_word' id='word_1_206' title='bbox 708 2565 796 2626; x_wconf 74' lang='grc' dir='ltr'>αὐτῶν</span> <span class='ocrx_word' id='word_1_207' title='bbox 817 2567 863 2625; x_wconf 82' lang='grc' dir='ltr'>καὶ</span> <span class='ocrx_word' id='word_1_208' title='bbox 878 2565 960 2644; x_wconf 65' lang='grc' dir='ltr'>Ἀρι·</span> 
     </span>
     <span class='ocr_line' id='line_1_30' title="bbox 158 2652 955 2733; baseline 0.006 -23"><span class='ocrx_word' id='word_1_209' title='bbox 158 2653 241 2714; x_wconf 86' lang='grc' dir='ltr'>στέας</span> <span class='ocrx_word' id='word_1_210' title='bbox 251 2653 267 2712; x_wconf 85' lang='grc' dir='ltr'>ά</span> <span class='ocrx_word' id='word_1_211' title='bbox 279 2653 468 2732; x_wconf 87' lang='grc' dir='ltr'>Ἀδειμάντου,</span> <span class='ocrx_word' id='word_1_212' title='bbox 483 2656 631 2733; x_wconf 87' lang='grc' dir='ltr'>Κορίνθιος</span> <span class='ocrx_word' id='word_1_213' title='bbox 641 2652 721 2732; x_wconf 36' lang='grc' dir='ltr'>α’νήρι·</span> <span class='ocrx_word' id='word_1_214' title='bbox 741 2658 830 2715; x_wconf 80' lang='grc' dir='ltr'>ταῦτα’</span> <span class='ocrx_word' id='word_1_215' title='bbox 842 2655 894 2731; x_wconf 88' lang='grc' dir='ltr'>μέν</span> <span class='ocrx_word' id='word_1_216' title='bbox 907 2681 955 2715; x_wconf 90' lang='grc' dir='ltr'>νυν</span> 
     </span>
     <span class='ocr_line' id='line_1_31' title="bbox 157 2741 955 2824; baseline 0.009 -29"><span class='ocrx_word' id='word_1_217' title='bbox 157 2741 294 2798; x_wconf 87' lang='grc' dir='ltr'>πολλοῖσι</span> <span class='ocrx_word' id='word_1_218' title='bbox 304 2742 377 2800; x_wconf 78' lang='grc' dir='ltr'>ἔτεσι</span> <span class='ocrx_word' id='word_1_219' title='bbox 386 2741 505 2820; x_wconf 78' lang='grc' dir='ltr'>ὕστερον</span> <span class='ocrx_word' id='word_1_220' title='bbox 514 2743 622 2824; x_wconf 77' lang='grc' dir='ltr'>ἐγένετο</span> <span class='ocrx_word' id='word_1_221' title='bbox 629 2745 680 2803; x_wconf 81' lang='grc' dir='ltr'>τοῦ</span> <span class='ocrx_word' id='word_1_222' title='bbox 690 2741 829 2819; x_wconf 88' lang='grc' dir='ltr'>βασιλέος</span> <span class='ocrx_word' id='word_1_223' title='bbox 838 2741 955 2804; x_wconf 89' lang='grc' dir='ltr'>στόλου·</span> 
     </span>
     <span class='ocr_line' id='line_1_32' title="bbox 158 2823 705 2911; baseline 0.015 -29"><span class='ocrx_word' id='word_1_224' title='bbox 158 2823 283 2902; x_wconf 82' lang='grc' dir='ltr'>ἐπάνειμι</span> <span class='ocrx_word' id='word_1_225' title='bbox 296 2827 326 2885; x_wconf 84' lang='grc' dir='ltr'>δὲ</span> <span class='ocrx_word' id='word_1_226' title='bbox 339 2829 384 2886; x_wconf 85' lang='grc' dir='ltr'>ε’πὶ</span> <span class='ocrx_word' id='word_1_227' title='bbox 397 2828 446 2890; x_wconf 77' lang='grc' dir='ltr'>τόν</span> <span class='ocrx_word' id='word_1_228' title='bbox 459 2829 594 2907; x_wconf 88' lang='grc' dir='ltr'>πρότερον</span> <span class='ocrx_word' id='word_1_229' title='bbox 607 2829 705 2911; x_wconf 76' lang='grc' dir='ltr'>λόγον.</span> 
     </span>
     <span class='ocr_line' id='line_1_33' title="bbox 197 2909 1001 2997; baseline 0.012 -26"><span class='ocrx_word' id='word_1_230' title='bbox 197 2909 234 2971; x_wconf 89' lang='grc' dir='ltr'>Ἡ</span> <span class='ocrx_word' id='word_1_231' title='bbox 249 2912 278 2972; x_wconf 82' lang='grc' dir='ltr'>δὲ</span> <span class='ocrx_word' id='word_1_232' title='bbox 292 2918 487 2993; x_wconf 89' lang='grc' dir='ltr'>στρατηλασίη</span> <span class='ocrx_word' id='word_1_233' title='bbox 500 2916 519 2993; x_wconf 88' lang='grc' dir='ltr'>ή</span> <span class='ocrx_word' id='word_1_234' title='bbox 533 2918 673 2995; x_wconf 89' lang='grc' dir='ltr'>βασιλέος</span> <span class='ocrx_word' id='word_1_235' title='bbox 689 2915 794 2994; x_wconf 79' lang='grc' dir='ltr'>οὔνομα</span> <span class='ocrx_word' id='word_1_236' title='bbox 810 2918 862 2996; x_wconf 75' lang='grc' dir='ltr'>μὲν</span> <span class='ocrx_word' id='word_1_237' title='bbox 876 2917 934 2997; x_wconf 82' lang='grc' dir='ltr'>εἶχε</span> <span class='ocrx_word' id='word_1_238' title='bbox 943 2923 1001 2984; x_wconf 85' lang='grc'>138</span> 
     </span>
     <span class='ocr_line' id='line_1_34' title="bbox 75 2999 956 3081; baseline 0.008 -23"><span class='ocrx_word' id='word_1_239' title='bbox 75 3027 78 3032; x_wconf 96' lang='grc'><strong><em>·</em></strong></span> <span class='ocrx_word' id='word_1_240' title='bbox 157 2999 193 3062; x_wconf 78' lang='grc' dir='ltr'>ὥς</span> <span class='ocrx_word' id='word_1_241' title='bbox 214 3000 256 3059; x_wconf 80' lang='grc' dir='ltr'>ἐπ’</span> <span class='ocrx_word' id='word_1_242' title='bbox 276 3000 396 3077; x_wconf 82' lang='grc' dir='ltr'>Ἀθήνας</span> <span class='ocrx_word' id='word_1_243' title='bbox 417 3003 534 3077; x_wconf 76' lang='grc' dir='ltr'>ἐλαύνει,</span> <span class='ocrx_word' id='word_1_244' title='bbox 557 3006 666 3066; x_wconf 88' lang='grc' dir='ltr'>κατίετο</span> <span class='ocrx_word' id='word_1_245' title='bbox 690 3006 720 3066; x_wconf 80' lang='grc' dir='ltr'>δὲ</span> <span class='ocrx_word' id='word_1_246' title='bbox 738 3010 766 3068; x_wconf 87' lang='grc' dir='ltr'>ές</span> <span class='ocrx_word' id='word_1_247' title='bbox 786 3009 883 3064; x_wconf 79' lang='grc' dir='ltr'>πᾶσαν</span> <span class='ocrx_word' id='word_1_248' title='bbox 904 3006 956 3081; x_wconf 82' lang='grc' dir='ltr'>τήν</span> 
     </span>
     <span class='ocr_line' id='line_1_35' title="bbox 156 3086 963 3168; baseline 0.005 -22"><span class='ocrx_word' id='word_1_249' title='bbox 156 3086 291 3148; x_wconf 76' lang='grc' dir='ltr'>Ἐλλάδα·</span> <span class='ocrx_word' id='word_1_250' title='bbox 322 3090 523 3168; x_wconf 87' lang='grc' dir='ltr'>πυνθανόμενοι</span> <span class='ocrx_word' id='word_1_251' title='bbox 548 3093 577 3151; x_wconf 74' lang='grc' dir='ltr'>δὲ</span> <span class='ocrx_word' id='word_1_252' title='bbox 600 3097 688 3152; x_wconf 80' lang='grc' dir='ltr'>ταῦτα</span> <span class='ocrx_word' id='word_1_253' title='bbox 713 3093 769 3168; x_wconf 82' lang='grc' dir='ltr'>πρό</span> <span class='ocrx_word' id='word_1_254' title='bbox 792 3095 903 3150; x_wconf 84' lang='grc' dir='ltr'>πολλοῦ</span> <span class='ocrx_word' id='word_1_255' title='bbox 927 3095 963 3160; x_wconf 83' lang='grc' dir='ltr'>οἶΙ</span> 
     </span>
     <span class='ocr_line' id='line_1_36' title="bbox 153 3170 957 3258; baseline 0.005 -24"><span class='ocrx_word' id='word_1_256' title='bbox 153 3170 298 3253; x_wconf 77' lang='grc' dir='ltr'>Ἕλληνες,</span> <span class='ocrx_word' id='word_1_257' title='bbox 319 3176 369 3236; x_wconf 77' lang='grc' dir='ltr'>οὐκ</span> <span class='ocrx_word' id='word_1_258' title='bbox 391 3183 419 3238; x_wconf 83' lang='grc' dir='ltr'>έν</span> <span class='ocrx_word' id='word_1_259' title='bbox 440 3178 526 3258; x_wconf 75' lang='grc' dir='ltr'>ὁμοίῳ</span> <span class='ocrx_word' id='word_1_260' title='bbox 546 3181 647 3242; x_wconf 90' lang='grc' dir='ltr'>πάντες</span> <span class='ocrx_word' id='word_1_261' title='bbox 674 3181 823 3237; x_wconf 81' lang='grc' dir='ltr'>ἐποιεῦντο·</span> <span class='ocrx_word' id='word_1_262' title='bbox 855 3179 882 3236; x_wconf 80' lang='grc' dir='ltr'>οἱ</span> <span class='ocrx_word' id='word_1_263' title='bbox 904 3181 957 3255; x_wconf 77' lang='grc' dir='ltr'>μὲν</span> 
     </span>
     <span class='ocr_line' id='line_1_37' title="bbox 157 3261 956 3348; baseline 0 -23"><span class='ocrx_word' id='word_1_264' title='bbox 157 3261 213 3343; x_wconf 76' lang='grc' dir='ltr'>γάρ</span> <span class='ocrx_word' id='word_1_265' title='bbox 232 3265 322 3326; x_wconf 77' lang='grc' dir='ltr'>αὐτῶν</span> <span class='ocrx_word' id='word_1_266' title='bbox 340 3265 433 3330; x_wconf 81' lang='grc' dir='ltr'>δόντες</span> <span class='ocrx_word' id='word_1_267' title='bbox 448 3269 504 3348; x_wconf 78' lang='grc' dir='ltr'>γῆν</span> <span class='ocrx_word' id='word_1_268' title='bbox 519 3292 550 3326; x_wconf 90' lang='grc' dir='ltr'>τε</span> <span class='ocrx_word' id='word_1_269' title='bbox 568 3267 614 3324; x_wconf 87' lang='grc' dir='ltr'>καὶ</span> <span class='ocrx_word' id='word_1_270' title='bbox 630 3264 701 3341; x_wconf 80' lang='grc' dir='ltr'>ὕδωρ</span> <span class='ocrx_word' id='word_1_271' title='bbox 714 3267 753 3342; x_wconf 77' lang='grc' dir='ltr'>τῷ</span> <span class='ocrx_word' id='word_1_272' title='bbox 765 3264 866 3341; x_wconf 81' lang='grc' dir='ltr'>Πέρσῃ</span> <span class='ocrx_word' id='word_1_273' title='bbox 880 3263 956 3344; x_wconf 85' lang='grc' dir='ltr'>εἶχον</span> 
     </span>
     <span class='ocr_line' id='line_1_38' title="bbox 168 3351 265 3396; baseline 0 0"><span class='ocrx_word' id='word_1_274' title='bbox 168 3351 265 3396; x_wconf 79' lang='grc' dir='ltr'>Π.-14</span> 
     </span>
    </p>
   </div>
   <div class='ocr_carea' id='block_1_2' title="bbox 0 0 1152 3430">
    <p class='ocr_par' dir='ltr' id='par_1_2' title="bbox 0 0 1152 3430">
     <span class='ocr_line' id='line_1_39' title="bbox 0 0 1152 3430; baseline 0 0"><span class='ocrx_word' id='word_1_275' title='bbox 0 0 1152 3430; x_wconf 95' lang='lat' dir='ltr'> </span> 
     </span>
    </p>
   </div>
  </div>
 </body>
</html>
