2204 3430
169 120 279 186 ’16-19]
476 121 681 174 ΠΕΡΨῙΧΟΡΗ.
958 125 973 178 7

170 201 322 276 μέταλλον,
337 204 368 275 ἐξ
381 201 413 266 ού
427 205 546 281 ὕστερον
564 202 670 263 τούτων
683 200 823 264 τάλαντον
841 201 974 284 ιίργυρίου

169 287 343 371 Ἀλεξάνδρῳ
369 291 476 370 ἡμέρης
506 290 625 366 ἑκόστης
643 291 752 366 ἐφοίτα·
786 290 858 366 μετιὶ
884 290 914 350 δέ
940 291 973 352 τό

169 377 322 452 μέταλλον,
351 379 488 458 Δύσωρον
516 377 685 454 καλεόμενον
706 377 787 455 οὖρος
806 377 970 455 ύπερβιίντα

172 463 241 524 εἶναι
257 470 286 525 ἐν
302 468 472 547 Μακεδονίῃ.
515 469 552 526 Οἱ
572 464 610 526 ὦν
625 467 737 543 Πέρσαι
754 469 781 525 οἶ
798 466 972 543 πεμφθέντες
984 469 1019 526 18

171 549 248 612 οὗτοι
271 555 348 632 παρὰ
369 555 419 616 τόν
438 553 577 633 Ἀμύντην
595 552 631 616 οἷς
648 553 791 623 α’πίκοντο,
812 555 905 615 αἴτεον
925 558 969 614 ἐλ-

172 640 267 704 θόντες
285 647 312 706 ἐς
335 641 401 721 ὄψιν
423 642 475 720 τὴν
494 641 635 720 Ἀμύντεω
654 643 762 721 Δαρείῳ
779 642 900 718 βασιλέϊ
918 645 973 722 γῆν

170 753 202 787 τε
213 729 259 787 καὶ
268 727 350 808 ὕδωρ·
369 729 426 792 όδέ
438 730 570 790 ταῦτάτε
584 729 682 798 ἐδίδου,
696 729 745 788 καί
756 735 848 806 σφεας
862 730 907 789 ἐπὶ
920 730 972 800 ξεί-

146 834 148 841 ·
171 840 217 875 νια
236 818 339 876 καλέει·
363 816 650 896 παρασκευασάμενος
671 817 700 876 δέ
721 817 832 877 δεῖπνον
850 821 970 898 μεγαλο-

173 905 282 978 πρεπὲς,
304 904 411 964 ἐδέκετο
431 905 496 968 τούς
516 905 632 981 Πέρσας
653 903 840 980 φιλοφρόνως.
883 903 919 967 ὥς
941 904 972 963 δέ

171 988 228 1049 α’πδ
247 990 358 1050 δείπνου
377 992 512 1072 ἐγένοντο,
528 990 699 1054 διαπίνοντες
717 991 798 1050 εἶπαν
810 993 842 1075 Ιοἱ
860 991 972 1068 Πέρσαι

170 1076 247 1137 τόδε·
268 1088 286 1113 “
295 1079 366 1147 ξεῖνε
384 1077 529 1149 Μακεδιδν,
543 1077 612 1154 ἡμῖν
628 1077 713 1154 νόμος
729 1078 791 1137 ἐστὶ
803 1081 880 1137 τοῖσι
899 1079 970 1156 Πέρ-

171 1169 251 1242 σησι,
267 1166 349 1225 ἐπεοὶν
362 1165 473 1226 δεῖπνον
485 1165 680 1244 προτιθώμεθα
692 1164 774 1246 μέγα,
787 1164 851 1225 τότε
864 1166 911 1224 καὶ
922 1165 972 1230 τὰς

173 1252 320 1316 παλλακὰς
333 1254 379 1313 καὶ
391 1253 441 1318 τὰς
451 1254 588 1330 κουριδίας
595 1257 726 1335 γυναῖκας
739 1252 894 1334 ἐσάγεσθαι
909 1279 978 1331 παρ

172 1340 275 1418 έδρους·
316 1341 355 1402 σύ
371 1368 426 1412 νυν,
446 1343 559 1419 ἐπείπερ
577 1341 725 1419 προθύμως
741 1344 793 1419 μὲν
811 1341 906 1412 ἐδέξαο
922 1367 971 1419 με·

172 1427 264 1507 γέλως
276 1429 306 1488 δέ
319 1430 448 1502 ξεινίζεις,
462 1429 546 1493 διδοῖς
558 1455 589 1490 τε
601 1430 723 1506 βασιλέϊ
740 1431 849 1508 Δαρείῳ
866 1433 921 1511 γῆν
938 1455 970 1491 τε

172 1515 218 1574 καὶ
230 1516 310 1594 ὕδωρ,
324 1518 389 1576 ἕπεο
407 1515 482 1597 νόμῳ
498 1521 536 1596 τῷ
549 1515 698 1596 ἦμετέριρ·”
720 1517 780 1576 εἶπε
795 1516 866 1594 πρός
879 1520 968 1577 ταῦτα

172 1601 316 1680 Ἀμύντης·
338 1603 385 1663 “ὦ
402 1605 521 1684 Πέρσαι,
536 1603 621 1682 νόμος
636 1607 688 1681 μέν
703 1603 772 1682 ἡμῖν
787 1605 822 1685 γε’
839 1609 901 1664 ἐστι
919 1602 969 1664 ούκ

171 1689 259 1761 οὗτος,
281 1691 358 1752 ἆλλιέ
379 1693 549 1772 κεχωρίσθαι
568 1691 669 1769 ἄνδρας
687 1695 834 1772 γυναικῶν·
859 1693 922 1751 ἐπεί
938 1717 970 1753 τε

172 1779 202 1838 δέ
213 1778 292 1856 ύμεῖς
305 1779 396 1844 ἐόντες
405 1778 542 1840 δεσπόται
551 1778 746 1860 προσχρῄζςε
758 1779 885 1850 τουτέων,
899 1805 969 1856 παρ-

172 1867 252 1926 έσται
270 1867 336 1944 ύμῖν
355 1867 400 1927 καὶ
418 1865 530 1927 ταύτα.”
555 1866 633 1930 ε’ίπας
648 1871 777 1926 τοσαῦτα
797 1865 813 1926 ὁ
830 1866 969 1944 Ἀμύντης

170 1953 362 2031 μετεπέμπετο
370 1952 421 2017 τὰς
437 1957 578 2034 γυναῖκας·
603 1956 632 2012 αἶ
646 1952 668 2012 δ’
683 1955 785 2013 ἐπείτε
803 1953 969 2031 καλεόμεναι

170 2039 267 2117 ἦλθον,
281 2040 380 2116 ἐπεξῆς
392 2039 483 2100 α’ντίαι
497 2040 588 2111 ἵζοντο
600 2043 677 2100 τοῖσι
691 2040 833 2119 Πέρσησι·
851 2041 970 2100 ἐνθαῦτα

171 2131 198 2188 οἶ
207 2129 318 2205 Πέρσαι
333 2127 453 2205 ἰδόμενοι
465 2131 598 2210 γυναῖκας
611 2126 777 2205 εύμόρφους,
792 2129 890 2209 ἔλεγον
897 2128 968 2205 πρός

169 2213 308 2294 Ἀμύντην
331 2215 452 2294 φάμενοι
472 2215 532 2276 “τό
555 2216 672 2292 ποιηθὲν
693 2219 777 2276 τοῦτο
800 2215 879 2276 ούδέν
898 2217 968 2276 εἶναι

170 2303 274 2380 σοφόν·
295 2305 418 2381 κρέσσον
438 2303 493 2386 γοὶρ
514 2303 583 2365 εἶναι
603 2303 726 2383 ἀρχῆθεν
745 2303 786 2380 μὴ
807 2305 899 2365 ἐλθεῖν
918 2305 970 2369 τὰς

170 2395 307 2470 γυναῖκας,
326 2391 345 2469 ἢ
366 2391 508 2456 ἐλθούσας
526 2393 572 2452 καὶ
594 2391 635 2468 μή
662 2392 848 2469 παριζομένας
874 2391 969 2457 ἀντίας

169 2479 278 2549 ἵζεσθαι
291 2479 448 2561 ἀλγηδόνας
466 2486 522 2557 σφι
540 2477 724 2556 όφθαλμῶν·”
745 2478 968 2560 ἀναγκαζόμενος
1007 2540 1015 2551 ,

169 2565 228 2626 δέό
244 2566 381 2644 Ἀμύντης
395 2569 504 2627 ἐκέλευε
513 2567 647 2645 παρίζειν·
668 2567 852 2643 πειθομενέων
865 2568 895 2627 δέ
913 2573 968 2628 τῶν
1048 2583 1057 2594 “

167 2658 311 2735 γυναικῶν,
325 2653 424 2713 αύτίκα
437 2657 464 2714 οἱ
477 2656 590 2731 Πέρσαι
601 2657 718 2731 μαστῶν
733 2680 764 2714 τε
777 2653 908 2726 ἅπτοντο,
922 2657 969 2716 οἶα

167 2739 290 2804 πλεόνως
304 2742 454 2818 οἰνωμένοι,
469 2735 518 2800 καί
528 2767 577 2801 κου
589 2767 631 2805 τις
645 2742 690 2800 καὶ
705 2742 813 2818 φιλέειν
827 2747 965 2820 ἐπειρᾶτο·

99 2843 102 2846 ’
167 2825 304 2902 Ἀμύντης
318 2831 370 2904 μὲν
388 2828 423 2904 δὴ
440 2832 529 2889 ταῦτα
547 2828 631 2906 ὁρέων
644 2828 766 2906 ἀτρέμας
783 2829 841 2908 εῒχε
855 2830 904 2888 καί
913 2857 967 2906 περ
978 2833 1015 2888 19

167 2913 338 2990 δυσφορέων,
354 2915 399 2974 οἶα
411 2915 627 2993 ύπερδειμαίνων
645 2913 712 2978 τούς
725 2916 851 2992 Πέρσας·
870 2915 968 2984 ’Aue

146 3005 160 3027 ⁸
167 3001 265 3078 ανδρος
275 3000 305 3060 δέ
315 3000 331 3060 ό
341 2999 482 3078 Ἀμύντεω
491 3001 641 3079 παρεόντε
656 3003 702 3060 καὶ
711 3001 800 3078 ’ὁρέων
809 3003 905 3067 ταῦτα,
919 2999 969 3058 ἅτε

167 3090 227 3152 νέος
240 3115 271 3149 τε
284 3088 335 3148 ἐιδν
349 3088 394 3146 καὶ
408 3093 498 3149 κακῶν
511 3089 630 3164 ἀπαθὴς,
649 3087 776 3164 οὐδαμῶς
789 3087 829 3142 ἔτι
842 3084 969 3160 κατέχειν

167 3177 224 3241 οἶός
236 3201 267 3237 τε
277 3175 322 3252 ἧν·
329 3173 410 3256 ,ὥστε
420 3175 450 3234 δέ
458 3174 568 3252 βαρέως
578 3175 671 3252 φέρων
681 3172 742 3230 εἶπε
751 3169 822 3244 πρός
830 3165 966 3242 Ἀμύνπεσ

165 3263 241 3326 τόδε·
263 3263 327 3324 ί(σι)
346 3264 407 3340 μὲν,
428 3260 450 3320 ὦ
469 3263 566 3338 πάτερ,
588 3261 643 3320 εἶκε
663 3260 700 3335 τῇ
718 3252 816 3330 ἡλικίῃ
834 3249 946 3310 (MN
