<?xml version="1.0" encoding="UTF-8"?>
<!DOCTYPE html PUBLIC "-//W3C//DTD XHTML 1.0 Transitional//EN"
    "http://www.w3.org/TR/xhtml1/DTD/xhtml1-transitional.dtd">
<html xmlns="http://www.w3.org/1999/xhtml" xml:lang="en" lang="en">
 <head>
  <title>
</title>
<meta http-equiv="Content-Type" content="text/html;charset=utf-8" />
  <meta name='ocr-system' content='tesseract 3.04.00' />
  <meta name='ocr-capabilities' content='ocr_page ocr_carea ocr_par ocr_line ocrx_word'/>
</head>
<body>
  <div class='ocr_page' id='page_1' title='image "./herodotusrecens01blakgoog_0243.png"; bbox 0 0 2280 3432; ppageno 0'>
   <div class='ocr_carea' id='block_1_1' title="bbox 107 64 998 3291">
    <p class='ocr_par' dir='ltr' id='par_1_1' title="bbox 153 64 955 572">
     <span class='ocr_line' id='line_1_1' title="bbox 153 64 949 126; baseline 0 -12"><span class='ocrx_word' id='word_1_1' title='bbox 153 66 202 116; x_wconf 71' lang='grc' dir='ltr'>τοι</span> <span class='ocrx_word' id='word_1_2' title='bbox 456 64 642 114; x_wconf 74' lang='grc' dir='ltr'>ἭΡοΔοτου</span> <span class='ocrx_word' id='word_1_3' title='bbox 855 65 949 126; x_wconf 81' lang='lat' dir='ltr'><strong>[vm.</strong></span> 
     </span>
     <span class='ocr_line' id='line_1_2' title="bbox 153 140 952 228; baseline 0.004 -23"><span class='ocrx_word' id='word_1_4' title='bbox 153 143 219 205; x_wconf 72' lang='grc' dir='ltr'>ἀλλ’</span> <span class='ocrx_word' id='word_1_5' title='bbox 232 145 264 204; x_wconf 81' lang='grc' dir='ltr'>οὐ</span> <span class='ocrx_word' id='word_1_6' title='bbox 283 143 423 225; x_wconf 85' lang='grc' dir='ltr'>χρήματα,</span> <span class='ocrx_word' id='word_1_7' title='bbox 445 142 507 203; x_wconf 78' lang='grc' dir='ltr'>οὔτε</span> <span class='ocrx_word' id='word_1_8' title='bbox 527 143 664 220; x_wconf 79' lang='grc' dir='ltr'>ἠνέσχετο</span> <span class='ocrx_word' id='word_1_9' title='bbox 684 147 773 228; x_wconf 68' lang='grc' dir='ltr'>σιγῶν</span> <span class='ocrx_word' id='word_1_10' title='bbox 793 143 855 204; x_wconf 82' lang='grc' dir='ltr'>εἶπέ</span> <span class='ocrx_word' id='word_1_11' title='bbox 873 140 952 209; x_wconf 77' lang='grc' dir='ltr'>τἐἐς</span> 
     </span>
     <span class='ocr_line' id='line_1_3' title="bbox 153 230 953 309; baseline 0 -17"><span class='ocrx_word' id='word_1_12' title='bbox 153 232 259 295; x_wconf 82' lang='grc' dir='ltr'>πάντας</span> <span class='ocrx_word' id='word_1_13' title='bbox 276 231 351 292; x_wconf 87' lang='grc' dir='ltr'>τάδε·</span> <span class='ocrx_word' id='word_1_14' title='bbox 372 231 498 301; x_wconf 85' lang='grc' dir='ltr'>“παπαὶ,</span> <span class='ocrx_word' id='word_1_15' title='bbox 517 230 666 307; x_wconf 87' lang='grc' dir='ltr'>Μαρδόνιε,</span> <span class='ocrx_word' id='word_1_16' title='bbox 686 231 775 295; x_wconf 87' lang='grc' dir='ltr'>κοίους</span> <span class='ocrx_word' id='word_1_17' title='bbox 792 231 835 290; x_wconf 79' lang='grc' dir='ltr'>ἐπ’</span> <span class='ocrx_word' id='word_1_18' title='bbox 852 231 953 309; x_wconf 74' lang='grc' dir='ltr'>ἄνδρας</span> 
     </span>
     <span class='ocr_line' id='line_1_4' title="bbox 153 316 953 400; baseline 0.004 -22"><span class='ocrx_word' id='word_1_19' title='bbox 153 319 256 400; x_wconf 84' lang='grc' dir='ltr'>ἤγαγες</span> <span class='ocrx_word' id='word_1_20' title='bbox 276 318 490 398; x_wconf 77' lang='grc' dir='ltr'>μαχησομένους</span> <span class='ocrx_word' id='word_1_21' title='bbox 505 317 601 394; x_wconf 79' lang='grc' dir='ltr'>ἡμέας,</span> <span class='ocrx_word' id='word_1_22' title='bbox 618 317 646 377; x_wconf 77' lang='grc' dir='ltr'>οἳ</span> <span class='ocrx_word' id='word_1_23' title='bbox 667 316 700 378; x_wconf 89' lang='grc' dir='ltr'>ού</span> <span class='ocrx_word' id='word_1_24' title='bbox 721 320 785 395; x_wconf 88' lang='grc' dir='ltr'>περὶ</span> <span class='ocrx_word' id='word_1_25' title='bbox 802 319 953 398; x_wconf 88' lang='grc' dir='ltr'>χρημάτων</span> 
     </span>
     <span class='ocr_line' id='line_1_5' title="bbox 153 404 955 488; baseline 0.002 -20"><span class='ocrx_word' id='word_1_26' title='bbox 153 407 203 468; x_wconf 81' lang='grc' dir='ltr'>τόν</span> <span class='ocrx_word' id='word_1_27' title='bbox 226 406 319 488; x_wconf 76' lang='grc' dir='ltr'>ἀγῶνα</span> <span class='ocrx_word' id='word_1_28' title='bbox 341 409 492 476; x_wconf 85' lang='grc' dir='ltr'>ποιεῦνται,</span> <span class='ocrx_word' id='word_1_29' title='bbox 516 404 594 465; x_wconf 73' lang='grc' dir='ltr'>ἀλλὰ</span> <span class='ocrx_word' id='word_1_30' title='bbox 616 406 680 482; x_wconf 85' lang='grc' dir='ltr'>περὶ</span> <span class='ocrx_word' id='word_1_31' title='bbox 702 405 827 484; x_wconf 77' lang='grc' dir='ltr'>άρετῆς.”</span> <span class='ocrx_word' id='word_1_32' title='bbox 866 408 955 488; x_wconf 78' lang='grc' dir='ltr'>τούτῳ</span> 
     </span>
     <span class='ocr_line' id='line_1_6' title="bbox 153 493 469 572; baseline -0.003 -19"><span class='ocrx_word' id='word_1_33' title='bbox 153 497 205 572; x_wconf 76' lang='grc' dir='ltr'>μὲν</span> <span class='ocrx_word' id='word_1_34' title='bbox 218 494 252 570; x_wconf 77' lang='grc' dir='ltr'>δή</span> <span class='ocrx_word' id='word_1_35' title='bbox 265 498 353 554; x_wconf 90' lang='grc' dir='ltr'>ταῦτα</span> <span class='ocrx_word' id='word_1_36' title='bbox 367 493 469 570; x_wconf 82' lang='grc' dir='ltr'>εἴρητο.</span> 
     </span>
    </p>

    <p class='ocr_par' dir='ltr' id='par_1_2' title="bbox 107 579 998 2588">
     <span class='ocr_line' id='line_1_7' title="bbox 107 579 955 662; baseline 0 -18"><span class='ocrx_word' id='word_1_37' title='bbox 107 583 145 644; x_wconf 81' lang='grc'>27</span> <span class='ocrx_word' id='word_1_38' title='bbox 194 581 243 642; x_wconf 86' lang='grc' dir='ltr'>Ἐν</span> <span class='ocrx_word' id='word_1_39' title='bbox 256 581 286 640; x_wconf 87' lang='grc' dir='ltr'>δέ</span> <span class='ocrx_word' id='word_1_40' title='bbox 298 586 336 660; x_wconf 76' lang='grc' dir='ltr'>τῷ</span> <span class='ocrx_word' id='word_1_41' title='bbox 350 580 395 640; x_wconf 78' lang='grc' dir='ltr'>διά</span> <span class='ocrx_word' id='word_1_42' title='bbox 409 581 500 657; x_wconf 81' lang='grc' dir='ltr'>μέσου</span> <span class='ocrx_word' id='word_1_43' title='bbox 518 579 618 660; x_wconf 81' lang='grc' dir='ltr'>χρόνῳ,</span> <span class='ocrx_word' id='word_1_44' title='bbox 636 581 698 640; x_wconf 87' lang='grc' dir='ltr'>ἐπεί</span> <span class='ocrx_word' id='word_1_45' title='bbox 708 606 740 640; x_wconf 90' lang='grc' dir='ltr'>τε</span> <span class='ocrx_word' id='word_1_46' title='bbox 754 581 787 642; x_wconf 79' lang='grc' dir='ltr'>τά</span> <span class='ocrx_word' id='word_1_47' title='bbox 807 587 836 642; x_wconf 88' lang='grc' dir='ltr'>ἐν</span> <span class='ocrx_word' id='word_1_48' title='bbox 849 590 955 662; x_wconf 86' lang='grc' dir='ltr'>Θερμο-</span> 
     </span>
     <span class='ocr_line' id='line_1_8' title="bbox 155 663 956 750; baseline 0.004 -21"><span class='ocrx_word' id='word_1_49' title='bbox 155 669 263 748; x_wconf 80' lang='grc' dir='ltr'>πύλῃσι</span> <span class='ocrx_word' id='word_1_50' title='bbox 276 673 372 746; x_wconf 82' lang='grc' dir='ltr'>τρῶμα</span> <span class='ocrx_word' id='word_1_51' title='bbox 387 669 520 750; x_wconf 79' lang='grc' dir='ltr'>ἐγεγόνεε,</span> <span class='ocrx_word' id='word_1_52' title='bbox 535 667 634 728; x_wconf 78' lang='grc' dir='ltr'>αὐτίκα</span> <span class='ocrx_word' id='word_1_53' title='bbox 646 670 795 729; x_wconf 83' lang='grc' dir='ltr'>Θεσσαλοὶ</span> <span class='ocrx_word' id='word_1_54' title='bbox 811 663 956 748; x_wconf 71' lang='grc' dir='ltr'>πέμπουσι</span> 
     </span>
     <span class='ocr_line' id='line_1_9' title="bbox 155 755 955 836; baseline 0.004 -20"><span class='ocrx_word' id='word_1_55' title='bbox 155 756 260 833; x_wconf 84' lang='grc' dir='ltr'>κήρυκα</span> <span class='ocrx_word' id='word_1_56' title='bbox 273 761 300 820; x_wconf 90' lang='grc' dir='ltr'>ἐς</span> <span class='ocrx_word' id='word_1_57' title='bbox 313 757 431 827; x_wconf 90' lang='grc' dir='ltr'>Φωκέας,</span> <span class='ocrx_word' id='word_1_58' title='bbox 445 755 494 817; x_wconf 78' lang='grc' dir='ltr'>ἅτε</span> <span class='ocrx_word' id='word_1_59' title='bbox 507 763 564 832; x_wconf 94' lang='grc' dir='ltr'>σφι</span> <span class='ocrx_word' id='word_1_60' title='bbox 578 756 717 836; x_wconf 88' lang='grc' dir='ltr'>ἐνέχοντες</span> <span class='ocrx_word' id='word_1_61' title='bbox 730 758 783 816; x_wconf 83' lang='grc' dir='ltr'>αἰεὶ</span> <span class='ocrx_word' id='word_1_62' title='bbox 795 757 885 836; x_wconf 88' lang='grc' dir='ltr'>χόλον</span> <span class='ocrx_word' id='word_1_63' title='bbox 898 758 955 820; x_wconf 78' lang='grc' dir='ltr'>ἀπό</span> 
     </span>
     <span class='ocr_line' id='line_1_10' title="bbox 155 844 998 921; baseline 0.001 -13"><span class='ocrx_word' id='word_1_64' title='bbox 155 849 188 908; x_wconf 77' lang='grc' dir='ltr'>δέ·</span> <span class='ocrx_word' id='word_1_65' title='bbox 196 849 246 904; x_wconf 92' lang='grc' dir='ltr'>τοῦ</span> <span class='ocrx_word' id='word_1_66' title='bbox 259 844 380 905; x_wconf 78' lang='grc' dir='ltr'>ὑστάτου</span> <span class='ocrx_word' id='word_1_67' title='bbox 393 844 536 921; x_wconf 75' lang='grc' dir='ltr'>τρώματος</span> <span class='ocrx_word' id='word_1_68' title='bbox 550 845 596 903; x_wconf 86' lang='grc' dir='ltr'>καὶ</span> <span class='ocrx_word' id='word_1_69' title='bbox 612 844 645 905; x_wconf 80' lang='grc' dir='ltr'>τά</span> <span class='ocrx_word' id='word_1_70' title='bbox 664 844 761 920; x_wconf 87' lang='grc' dir='ltr'>κάρτα·</span> <span class='ocrx_word' id='word_1_71' title='bbox 783 845 957 920; x_wconf 80' lang='grc' dir='ltr'>ἐσβαλόντες</span> <span class='ocrx_word' id='word_1_72' title='bbox 994 874 998 882; x_wconf 86' lang='lat'><strong>·</strong></span> 
     </span>
     <span class='ocr_line' id='line_1_11' title="bbox 156 931 955 1013; baseline 0.003 -23"><span class='ocrx_word' id='word_1_73' title='bbox 156 931 210 1013; x_wconf 80' lang='grc' dir='ltr'>γάρ</span> <span class='ocrx_word' id='word_1_74' title='bbox 228 936 403 1010; x_wconf 77' lang='grc' dir='ltr'>πανστρατιῇ</span> <span class='ocrx_word' id='word_1_75' title='bbox 423 931 505 992; x_wconf 83' lang='grc' dir='ltr'>αύτοί</span> <span class='ocrx_word' id='word_1_76' title='bbox 522 958 553 992; x_wconf 94' lang='grc' dir='ltr'>τε</span> <span class='ocrx_word' id='word_1_77' title='bbox 570 935 597 990; x_wconf 84' lang='grc' dir='ltr'>οἱ</span> <span class='ocrx_word' id='word_1_78' title='bbox 612 938 694 992; x_wconf 84' lang='grc' dir='ltr'>Θεσσ</span> <span class='ocrx_word' id='word_1_79' title='bbox 749 933 760 990; x_wconf 85' lang='grc' dir='ltr'>ὶ</span> <span class='ocrx_word' id='word_1_80' title='bbox 778 934 824 991; x_wconf 89' lang='grc' dir='ltr'>καὶ</span> <span class='ocrx_word' id='word_1_81' title='bbox 840 936 867 992; x_wconf 83' lang='grc' dir='ltr'>οἱ</span> <span class='ocrx_word' id='word_1_82' title='bbox 884 933 922 992; x_wconf 89' lang='grc' dir='ltr'>σύ</span> <span class='ocrx_word' id='word_1_83' title='bbox 943 969 955 979; x_wconf 95' lang='grc'><strong>-</strong></span> 
     </span>
     <span class='ocr_line' id='line_1_12' title="bbox 154 1019 956 1099; baseline 0.001 -19"><span class='ocrx_word' id='word_1_84' title='bbox 154 1045 242 1099; x_wconf 91' lang='grc' dir='ltr'>μαχοι</span> <span class='ocrx_word' id='word_1_85' title='bbox 267 1019 357 1080; x_wconf 77' lang='grc' dir='ltr'>αὐτῶν</span> <span class='ocrx_word' id='word_1_86' title='bbox 384 1025 411 1083; x_wconf 82' lang='grc' dir='ltr'>ἐς</span> <span class='ocrx_word' id='word_1_87' title='bbox 436 1019 500 1082; x_wconf 85' lang='grc' dir='ltr'>τοῦς</span> <span class='ocrx_word' id='word_1_88' title='bbox 522 1020 640 1090; x_wconf 88' lang='grc' dir='ltr'>Φωκέας,</span> <span class='ocrx_word' id='word_1_89' title='bbox 662 1019 695 1078; x_wconf 85' lang='grc' dir='ltr'>ού</span> <span class='ocrx_word' id='word_1_90' title='bbox 721 1023 859 1080; x_wconf 77' lang='grc' dir='ltr'>πολλοῖσι</span> <span class='ocrx_word' id='word_1_91' title='bbox 881 1023 956 1081; x_wconf 83' lang='grc' dir='ltr'>ἔτεσι</span> 
     </span>
     <span class='ocr_line' id='line_1_13' title="bbox 155 1106 955 1185; baseline 0.003 -19"><span class='ocrx_word' id='word_1_92' title='bbox 155 1107 291 1185; x_wconf 88' lang='grc' dir='ltr'>πρότερον</span> <span class='ocrx_word' id='word_1_93' title='bbox 313 1107 414 1182; x_wconf 90' lang='grc' dir='ltr'>ταύτης</span> <span class='ocrx_word' id='word_1_94' title='bbox 437 1111 487 1182; x_wconf 78' lang='grc' dir='ltr'>τῆς</span> <span class='ocrx_word' id='word_1_95' title='bbox 510 1106 649 1183; x_wconf 86' lang='grc' dir='ltr'>βασιλέος</span> <span class='ocrx_word' id='word_1_96' title='bbox 669 1109 888 1184; x_wconf 80' lang='grc' dir='ltr'>στρατηλασίης,</span> <span class='ocrx_word' id='word_1_97' title='bbox 910 1112 955 1168; x_wconf 86' lang='grc' dir='ltr'>ἐσ-</span> 
     </span>
     <span class='ocr_line' id='line_1_14' title="bbox 156 1194 954 1274; baseline 0.003 -21"><span class='ocrx_word' id='word_1_98' title='bbox 156 1194 290 1272; x_wconf 84' lang='grc' dir='ltr'>σάθησαν</span> <span class='ocrx_word' id='word_1_99' title='bbox 298 1195 352 1256; x_wconf 82' lang='grc' dir='ltr'>ύπό</span> <span class='ocrx_word' id='word_1_100' title='bbox 366 1199 420 1255; x_wconf 90' lang='grc' dir='ltr'>τῶν</span> <span class='ocrx_word' id='word_1_101' title='bbox 430 1195 544 1254; x_wconf 87' lang='grc' dir='ltr'>Φωκέων</span> <span class='ocrx_word' id='word_1_102' title='bbox 558 1194 604 1253; x_wconf 87' lang='grc' dir='ltr'>καὶ</span> <span class='ocrx_word' id='word_1_103' title='bbox 617 1195 812 1271; x_wconf 85' lang='grc' dir='ltr'>περιέφθησαν</span> <span class='ocrx_word' id='word_1_104' title='bbox 824 1197 954 1274; x_wconf 76' lang='grc' dir='ltr'>τρηχέως</span> 
     </span>
     <span class='ocr_line' id='line_1_15' title="bbox 156 1280 957 1362; baseline 0.004 -21"><span class='ocrx_word' id='word_1_105' title='bbox 156 1283 218 1341; x_wconf 89' lang='grc' dir='ltr'>ἐπεί</span> <span class='ocrx_word' id='word_1_106' title='bbox 237 1309 269 1344; x_wconf 92' lang='grc' dir='ltr'>τε</span> <span class='ocrx_word' id='word_1_107' title='bbox 291 1283 347 1362; x_wconf 75' lang='grc' dir='ltr'>γάρ</span> <span class='ocrx_word' id='word_1_108' title='bbox 372 1281 579 1358; x_wconf 80' lang='grc' dir='ltr'>κατειλήθησαν</span> <span class='ocrx_word' id='word_1_109' title='bbox 603 1286 630 1344; x_wconf 85' lang='grc' dir='ltr'>ἐς</span> <span class='ocrx_word' id='word_1_110' title='bbox 652 1280 702 1341; x_wconf 81' lang='grc' dir='ltr'>τόν</span> <span class='ocrx_word' id='word_1_111' title='bbox 728 1283 903 1359; x_wconf 73' lang='grc' dir='ltr'>Παρνησσὸν</span> <span class='ocrx_word' id='word_1_112' title='bbox 929 1287 957 1343; x_wconf 80' lang='grc' dir='ltr'>οἱ</span> 
     </span>
     <span class='ocr_line' id='line_1_16' title="bbox 156 1368 956 1450; baseline 0.003 -22"><span class='ocrx_word' id='word_1_113' title='bbox 156 1372 263 1434; x_wconf 86' lang='grc' dir='ltr'>Φωκέες</span> <span class='ocrx_word' id='word_1_114' title='bbox 276 1371 385 1450; x_wconf 81' lang='grc' dir='ltr'>ἔχοντες</span> <span class='ocrx_word' id='word_1_115' title='bbox 397 1369 497 1448; x_wconf 81' lang='grc' dir='ltr'>μάντιν</span> <span class='ocrx_word' id='word_1_116' title='bbox 506 1371 630 1446; x_wconf 86' lang='grc' dir='ltr'>Τελλίην</span> <span class='ocrx_word' id='word_1_117' title='bbox 641 1369 691 1430; x_wconf 83' lang='grc' dir='ltr'>τόν</span> <span class='ocrx_word' id='word_1_118' title='bbox 702 1368 825 1443; x_wconf 85' lang='grc' dir='ltr'>Ἠλεῖον,</span> <span class='ocrx_word' id='word_1_119' title='bbox 838 1372 956 1432; x_wconf 89' lang='grc' dir='ltr'>ἐνθαῦτα</span> 
     </span>
     <span class='ocr_line' id='line_1_17' title="bbox 157 1455 957 1539; baseline 0.004 -23"><span class='ocrx_word' id='word_1_120' title='bbox 157 1457 304 1533; x_wconf 85' lang='grc' dir='ltr'>ὁΤελλίης</span> <span class='ocrx_word' id='word_1_121' title='bbox 317 1455 398 1520; x_wconf 80' lang='grc' dir='ltr'>οὗτος</span> <span class='ocrx_word' id='word_1_122' title='bbox 411 1457 559 1532; x_wconf 82' lang='grc' dir='ltr'>σοφίζεται</span> <span class='ocrx_word' id='word_1_123' title='bbox 572 1455 682 1517; x_wconf 81' lang='grc' dir='ltr'>αύτοῖσι</span> <span class='ocrx_word' id='word_1_124' title='bbox 694 1457 810 1518; x_wconf 86' lang='grc' dir='ltr'>τοιάνδε·</span> <span class='ocrx_word' id='word_1_125' title='bbox 823 1459 957 1539; x_wconf 76' lang='grc' dir='ltr'>γυψώσας</span> 
     </span>
     <span class='ocr_line' id='line_1_18' title="bbox 157 1543 955 1622; baseline 0.003 -18"><span class='ocrx_word' id='word_1_126' title='bbox 157 1543 256 1621; x_wconf 77' lang='grc' dir='ltr'>ἄνδρας</span> <span class='ocrx_word' id='word_1_127' title='bbox 291 1545 452 1614; x_wconf 79' lang='grc' dir='ltr'>ἑξακοσίους</span> <span class='ocrx_word' id='word_1_128' title='bbox 485 1547 540 1604; x_wconf 88' lang='grc' dir='ltr'>τῶν</span> <span class='ocrx_word' id='word_1_129' title='bbox 573 1546 687 1604; x_wconf 89' lang='grc' dir='ltr'>Φωκέων</span> <span class='ocrx_word' id='word_1_130' title='bbox 719 1545 784 1608; x_wconf 82' lang='grc' dir='ltr'>τοῦς</span> <span class='ocrx_word' id='word_1_131' title='bbox 816 1544 955 1622; x_wconf 87' lang='grc' dir='ltr'>άρίστους,</span> 
     </span>
     <span class='ocr_line' id='line_1_19' title="bbox 157 1630 957 1718; baseline 0.008 -28"><span class='ocrx_word' id='word_1_132' title='bbox 157 1631 257 1695; x_wconf 85' lang='grc' dir='ltr'>αύτούς</span> <span class='ocrx_word' id='word_1_133' title='bbox 268 1657 300 1691; x_wconf 91' lang='grc' dir='ltr'>τε</span> <span class='ocrx_word' id='word_1_134' title='bbox 312 1631 425 1694; x_wconf 75' lang='grc' dir='ltr'>τούτους</span> <span class='ocrx_word' id='word_1_135' title='bbox 440 1632 485 1718; x_wconf 78' lang='grc' dir='ltr'>καὶ</span> <span class='ocrx_word' id='word_1_136' title='bbox 498 1631 535 1692; x_wconf 82' lang='grc' dir='ltr'>τά</span> <span class='ocrx_word' id='word_1_137' title='bbox 548 1630 624 1691; x_wconf 85' lang='grc' dir='ltr'>ὅπλα</span> <span class='ocrx_word' id='word_1_138' title='bbox 638 1631 735 1703; x_wconf 86' lang='grc' dir='ltr'>αύτῶν,</span> <span class='ocrx_word' id='word_1_139' title='bbox 749 1632 846 1696; x_wconf 75' lang='grc' dir='ltr'>νυκτός</span> <span class='ocrx_word' id='word_1_140' title='bbox 859 1635 957 1711; x_wconf 83' lang='grc' dir='ltr'>ἐπεθή-</span> 
     </span>
     <span class='ocr_line' id='line_1_20' title="bbox 157 1720 957 1797; baseline 0.008 -20"><span class='ocrx_word' id='word_1_141' title='bbox 157 1745 225 1780; x_wconf 90' lang='grc' dir='ltr'>κατο</span> <span class='ocrx_word' id='word_1_142' title='bbox 246 1723 323 1779; x_wconf 87' lang='grc' dir='ltr'>τοῖσι</span> <span class='ocrx_word' id='word_1_143' title='bbox 346 1723 535 1780; x_wconf 84' lang='grc' dir='ltr'>Θεσσαλοῖσι·</span> <span class='ocrx_word' id='word_1_144' title='bbox 564 1721 700 1797; x_wconf 90' lang='grc' dir='ltr'>προείπας</span> <span class='ocrx_word' id='word_1_145' title='bbox 721 1720 840 1791; x_wconf 86' lang='grc' dir='ltr'>αύτοῖσι,</span> <span class='ocrx_word' id='word_1_146' title='bbox 858 1721 907 1781; x_wconf 81' lang='grc' dir='ltr'>τόν</span> <span class='ocrx_word' id='word_1_147' title='bbox 922 1720 957 1783; x_wconf 80' lang='grc' dir='ltr'>ἂν</span> 
     </span>
     <span class='ocr_line' id='line_1_21' title="bbox 156 1807 957 1884; baseline 0.004 -18"><span class='ocrx_word' id='word_1_148' title='bbox 156 1807 197 1884; x_wconf 77' lang='grc' dir='ltr'>μὴ</span> <span class='ocrx_word' id='word_1_149' title='bbox 210 1808 423 1879; x_wconf 84' lang='grc' dir='ltr'>λευκανθίζοντα</span> <span class='ocrx_word' id='word_1_150' title='bbox 441 1807 551 1868; x_wconf 86' lang='grc' dir='ltr'>’ίδωνται</span> <span class='ocrx_word' id='word_1_151' title='bbox 568 1812 668 1868; x_wconf 90' lang='grc' dir='ltr'>τοῦτον</span> <span class='ocrx_word' id='word_1_152' title='bbox 681 1809 803 1869; x_wconf 89' lang='grc' dir='ltr'>κτείνειν.</span> <span class='ocrx_word' id='word_1_153' title='bbox 843 1809 957 1874; x_wconf 81' lang='grc' dir='ltr'>τούτους</span> 
     </span>
     <span class='ocr_line' id='line_1_22' title="bbox 157 1894 957 1974; baseline 0.005 -21"><span class='ocrx_word' id='word_1_154' title='bbox 157 1894 194 1956; x_wconf 85' lang='grc' dir='ltr'>ὦν</span> <span class='ocrx_word' id='word_1_155' title='bbox 214 1896 247 1954; x_wconf 82' lang='grc' dir='ltr'>αἴ</span> <span class='ocrx_word' id='word_1_156' title='bbox 264 1921 295 1956; x_wconf 86' lang='grc' dir='ltr'>τε</span> <span class='ocrx_word' id='word_1_157' title='bbox 317 1897 442 1972; x_wconf 84' lang='grc' dir='ltr'>φυλακαὶ</span> <span class='ocrx_word' id='word_1_158' title='bbox 462 1900 517 1956; x_wconf 92' lang='grc' dir='ltr'>τῶν</span> <span class='ocrx_word' id='word_1_159' title='bbox 537 1900 696 1957; x_wconf 83' lang='grc' dir='ltr'>Θεσσαλῶν</span> <span class='ocrx_word' id='word_1_160' title='bbox 719 1901 827 1974; x_wconf 88' lang='grc' dir='ltr'>πρῶται</span> <span class='ocrx_word' id='word_1_161' title='bbox 848 1897 957 1957; x_wconf 81' lang='grc' dir='ltr'>ἰδοῦσαι</span> 
     </span>
     <span class='ocr_line' id='line_1_23' title="bbox 157 1982 957 2062; baseline 0.004 -20"><span class='ocrx_word' id='word_1_162' title='bbox 157 1983 346 2060; x_wconf 87' lang='grc' dir='ltr'>ἐφοβήθησαν</span> <span class='ocrx_word' id='word_1_163' title='bbox 361 1983 479 2053; x_wconf 79' lang='grc' dir='ltr'>δόξασαι</span> <span class='ocrx_word' id='word_1_164' title='bbox 495 1982 570 2042; x_wconf 80' lang='grc' dir='ltr'>ἄλλο</span> <span class='ocrx_word' id='word_1_165' title='bbox 588 2010 615 2043; x_wconf 92' lang='grc' dir='ltr'>τι</span> <span class='ocrx_word' id='word_1_166' title='bbox 635 1983 704 2044; x_wconf 83' lang='grc' dir='ltr'>εἶναι</span> <span class='ocrx_word' id='word_1_167' title='bbox 720 1984 809 2061; x_wconf 88' lang='grc' dir='ltr'>τέρας,</span> <span class='ocrx_word' id='word_1_168' title='bbox 825 1985 871 2042; x_wconf 86' lang='grc' dir='ltr'>καὶ</span> <span class='ocrx_word' id='word_1_169' title='bbox 884 1984 957 2062; x_wconf 81' lang='grc' dir='ltr'>μετά</span> 
     </span>
     <span class='ocr_line' id='line_1_24' title="bbox 157 2070 956 2149; baseline 0.001 -18"><span class='ocrx_word' id='word_1_170' title='bbox 157 2070 206 2135; x_wconf 81' lang='grc' dir='ltr'>τάς</span> <span class='ocrx_word' id='word_1_171' title='bbox 222 2071 351 2148; x_wconf 82' lang='grc' dir='ltr'>φυλακάς</span> <span class='ocrx_word' id='word_1_172' title='bbox 368 2071 438 2146; x_wconf 72' lang='grc' dir='ltr'>αῦτη</span> <span class='ocrx_word' id='word_1_173' title='bbox 456 2071 474 2147; x_wconf 81' lang='grc' dir='ltr'><em>ἡ</em></span> <span class='ocrx_word' id='word_1_174' title='bbox 493 2071 620 2149; x_wconf 80' lang='grc' dir='ltr'>στρατιὴ,</span> <span class='ocrx_word' id='word_1_175' title='bbox 635 2070 705 2131; x_wconf 78' lang='grc' dir='ltr'>οὕτω</span> <span class='ocrx_word' id='word_1_176' title='bbox 723 2070 796 2130; x_wconf 86' lang='grc' dir='ltr'>ῶστε</span> <span class='ocrx_word' id='word_1_177' title='bbox 813 2097 956 2149; x_wconf 90' lang='grc' dir='ltr'>τετρακισ-</span> 
     </span>
     <span class='ocr_line' id='line_1_25' title="bbox 156 2157 958 2236; baseline 0.007 -20"><span class='ocrx_word' id='word_1_178' title='bbox 156 2159 254 2236; x_wconf 87' lang='grc' dir='ltr'>χιλίων</span> <span class='ocrx_word' id='word_1_179' title='bbox 276 2163 414 2235; x_wconf 86' lang='grc' dir='ltr'>κρατῆσαι</span> <span class='ocrx_word' id='word_1_180' title='bbox 431 2162 532 2235; x_wconf 83' lang='grc' dir='ltr'>νεκρῶν</span> <span class='ocrx_word' id='word_1_181' title='bbox 549 2159 595 2218; x_wconf 85' lang='grc' dir='ltr'>καὶ</span> <span class='ocrx_word' id='word_1_182' title='bbox 613 2157 737 2218; x_wconf 86' lang='grc' dir='ltr'>α’σπίδων</span> <span class='ocrx_word' id='word_1_183' title='bbox 758 2160 876 2222; x_wconf 86' lang='grc' dir='ltr'>Φωκέας·</span> <span class='ocrx_word' id='word_1_184' title='bbox 902 2164 958 2222; x_wconf 90' lang='grc' dir='ltr'>τῶν</span> 
     </span>
     <span class='ocr_line' id='line_1_26' title="bbox 156 2245 956 2324; baseline 0.001 -18"><span class='ocrx_word' id='word_1_185' title='bbox 156 2245 206 2310; x_wconf 79' lang='grc' dir='ltr'>τάς</span> <span class='ocrx_word' id='word_1_186' title='bbox 218 2249 270 2324; x_wconf 82' lang='grc' dir='ltr'>μὲν</span> <span class='ocrx_word' id='word_1_187' title='bbox 283 2246 402 2322; x_wconf 82' lang='grc' dir='ltr'>ἡμισέας</span> <span class='ocrx_word' id='word_1_188' title='bbox 421 2251 448 2310; x_wconf 91' lang='grc' dir='ltr'>ἐς</span> <span class='ocrx_word' id='word_1_189' title='bbox 458 2245 554 2322; x_wconf 62' lang='lat' dir='ltr'><strong>&#39;Aeas</strong></span> <span class='ocrx_word' id='word_1_190' title='bbox 572 2246 716 2317; x_wconf 77' lang='grc' dir='ltr'>ἀνέθεσαν,</span> <span class='ocrx_word' id='word_1_191' title='bbox 729 2247 779 2310; x_wconf 79' lang='grc' dir='ltr'>τάς</span> <span class='ocrx_word' id='word_1_192' title='bbox 796 2247 825 2306; x_wconf 83' lang='grc' dir='ltr'>δὲ</span> <span class='ocrx_word' id='word_1_193' title='bbox 843 2251 871 2310; x_wconf 91' lang='grc' dir='ltr'>ἐς</span> <span class='ocrx_word' id='word_1_194' title='bbox 884 2253 956 2307; x_wconf 86' lang='grc' dir='ltr'>Δελ-</span> 
     </span>
     <span class='ocr_line' id='line_1_27' title="bbox 157 2332 958 2414; baseline -0.001 -20"><span class='ocrx_word' id='word_1_195' title='bbox 157 2332 238 2409; x_wconf 90' lang='grc' dir='ltr'>φούς·</span> <span class='ocrx_word' id='word_1_196' title='bbox 258 2333 321 2409; x_wconf 82' lang='grc' dir='ltr'>ἡδέ</span> <span class='ocrx_word' id='word_1_197' title='bbox 339 2333 438 2410; x_wconf 80' lang='grc' dir='ltr'>δεκάτη</span> <span class='ocrx_word' id='word_1_198' title='bbox 453 2336 561 2414; x_wconf 89' lang='grc' dir='ltr'>ἐγένετο</span> <span class='ocrx_word' id='word_1_199' title='bbox 573 2338 628 2395; x_wconf 89' lang='grc' dir='ltr'>τῶν</span> <span class='ocrx_word' id='word_1_200' title='bbox 640 2334 790 2414; x_wconf 87' lang='grc' dir='ltr'>χρημάτων</span> <span class='ocrx_word' id='word_1_201' title='bbox 808 2340 839 2394; x_wconf 88' lang='grc' dir='ltr'>ἐκ</span> <span class='ocrx_word' id='word_1_202' title='bbox 856 2335 958 2412; x_wconf 84' lang='grc' dir='ltr'>ταύτης</span> 
     </span>
     <span class='ocr_line' id='line_1_28' title="bbox 157 2420 958 2502; baseline -0.002 -18"><span class='ocrx_word' id='word_1_203' title='bbox 157 2425 207 2497; x_wconf 77' lang='grc' dir='ltr'>τῆς</span> <span class='ocrx_word' id='word_1_204' title='bbox 218 2420 311 2500; x_wconf 85' lang='grc' dir='ltr'>μάχης</span> <span class='ocrx_word' id='word_1_205' title='bbox 324 2424 350 2480; x_wconf 81' lang='grc' dir='ltr'>οἱ</span> <span class='ocrx_word' id='word_1_206' title='bbox 362 2422 483 2502; x_wconf 80' lang='grc' dir='ltr'>μεγάλοι</span> <span class='ocrx_word' id='word_1_207' title='bbox 496 2421 653 2499; x_wconf 74' lang='grc' dir='ltr'>ἀνδριάντες</span> <span class='ocrx_word' id='word_1_208' title='bbox 666 2424 693 2482; x_wconf 78' lang='grc' dir='ltr'>οἱ</span> <span class='ocrx_word' id='word_1_209' title='bbox 705 2423 769 2499; x_wconf 83' lang='grc' dir='ltr'>περὶ</span> <span class='ocrx_word' id='word_1_210' title='bbox 781 2421 831 2482; x_wconf 83' lang='grc' dir='ltr'>τόν</span> <span class='ocrx_word' id='word_1_211' title='bbox 839 2423 958 2500; x_wconf 89' lang='grc' dir='ltr'>τρίποδα</span> 
     </span>
     <span class='ocr_line' id='line_1_29' title="bbox 157 2510 956 2588; baseline 0.003 -20"><span class='ocrx_word' id='word_1_212' title='bbox 157 2512 349 2582; x_wconf 79' lang='grc' dir='ltr'>συνεστεῶτες,</span> <span class='ocrx_word' id='word_1_213' title='bbox 371 2510 513 2588; x_wconf 84' lang='grc' dir='ltr'>ἔμπροσθε</span> <span class='ocrx_word' id='word_1_214' title='bbox 533 2514 584 2570; x_wconf 86' lang='grc' dir='ltr'>τοῦ</span> <span class='ocrx_word' id='word_1_215' title='bbox 602 2514 669 2586; x_wconf 83' lang='grc' dir='ltr'>νηοῦ</span> <span class='ocrx_word' id='word_1_216' title='bbox 687 2513 737 2571; x_wconf 86' lang='grc' dir='ltr'>τοῦ</span> <span class='ocrx_word' id='word_1_217' title='bbox 755 2515 784 2570; x_wconf 89' lang='grc' dir='ltr'>ἐν</span> <span class='ocrx_word' id='word_1_218' title='bbox 802 2513 956 2586; x_wconf 84' lang='grc' dir='ltr'>Δελφοῖσι·</span> 
     </span>
    </p>

    <p class='ocr_par' dir='ltr' id='par_1_3' title="bbox 110 2596 958 3291">
     <span class='ocr_line' id='line_1_30' title="bbox 110 2596 958 2677; baseline 0.001 -20"><span class='ocrx_word' id='word_1_219' title='bbox 110 2599 148 2658; x_wconf 79' lang='grc'>28</span> <span class='ocrx_word' id='word_1_220' title='bbox 158 2596 204 2656; x_wconf 81' lang='grc' dir='ltr'>καὶ</span> <span class='ocrx_word' id='word_1_221' title='bbox 231 2597 318 2675; x_wconf 84' lang='grc' dir='ltr'>ἐτεροι</span> <span class='ocrx_word' id='word_1_222' title='bbox 343 2601 465 2658; x_wconf 89' lang='grc' dir='ltr'>τοιοῦτοι</span> <span class='ocrx_word' id='word_1_223' title='bbox 486 2602 514 2658; x_wconf 90' lang='grc' dir='ltr'>ἐν</span> <span class='ocrx_word' id='word_1_224' title='bbox 529 2597 642 2677; x_wconf 77' lang='grc' dir='ltr'>Ἄβῃσι</span> <span class='ocrx_word' id='word_1_225' title='bbox 666 2597 822 2660; x_wconf 76' lang='grc' dir='ltr'>ἀνακέαται.</span> <span class='ocrx_word' id='word_1_226' title='bbox 863 2603 958 2660; x_wconf 83' lang='grc' dir='ltr'>Ταῦτα</span> 
     </span>
     <span class='ocr_line' id='line_1_31' title="bbox 156 2685 958 2767; baseline 0.004 -23"><span class='ocrx_word' id='word_1_227' title='bbox 156 2685 208 2764; x_wconf 90' lang='grc' dir='ltr'>μέν</span> <span class='ocrx_word' id='word_1_228' title='bbox 232 2711 280 2746; x_wconf 87' lang='grc' dir='ltr'>νυν</span> <span class='ocrx_word' id='word_1_229' title='bbox 301 2685 351 2746; x_wconf 81' lang='grc' dir='ltr'>τόν</span> <span class='ocrx_word' id='word_1_230' title='bbox 374 2685 458 2757; x_wconf 81' lang='grc' dir='ltr'>πεζόν</span> <span class='ocrx_word' id='word_1_231' title='bbox 486 2685 641 2767; x_wconf 78' lang='grc' dir='ltr'>ἐργάσαντο</span> <span class='ocrx_word' id='word_1_232' title='bbox 664 2689 719 2746; x_wconf 92' lang='grc' dir='ltr'>τῶν</span> <span class='ocrx_word' id='word_1_233' title='bbox 746 2690 904 2747; x_wconf 87' lang='grc' dir='ltr'>Θεσσαλῶν</span> <span class='ocrx_word' id='word_1_234' title='bbox 930 2691 958 2747; x_wconf 84' lang='grc' dir='ltr'>οἱ</span> 
     </span>
     <span class='ocr_line' id='line_1_32' title="bbox 157 2773 957 2852; baseline 0.006 -20"><span class='ocrx_word' id='word_1_235' title='bbox 157 2774 271 2844; x_wconf 88' lang='grc' dir='ltr'>Φωκέες,</span> <span class='ocrx_word' id='word_1_236' title='bbox 293 2774 507 2852; x_wconf 86' lang='grc' dir='ltr'>πολιορκέοντας</span> <span class='ocrx_word' id='word_1_237' title='bbox 529 2773 651 2838; x_wconf 79' lang='grc' dir='ltr'>ἑωυτούς·</span> <span class='ocrx_word' id='word_1_238' title='bbox 673 2775 859 2850; x_wconf 89' lang='grc' dir='ltr'>ἐσβαλοῦσαν</span> <span class='ocrx_word' id='word_1_239' title='bbox 880 2775 909 2834; x_wconf 87' lang='grc' dir='ltr'>δέ</span> <span class='ocrx_word' id='word_1_240' title='bbox 930 2780 957 2839; x_wconf 84' lang='grc' dir='ltr'>ἐς</span> 
     </span>
     <span class='ocr_line' id='line_1_33' title="bbox 156 2860 956 2941; baseline 0.001 -19"><span class='ocrx_word' id='word_1_241' title='bbox 156 2861 208 2938; x_wconf 77' lang='grc' dir='ltr'>τὴν</span> <span class='ocrx_word' id='word_1_242' title='bbox 220 2862 313 2941; x_wconf 81' lang='grc' dir='ltr'>χώρην</span> <span class='ocrx_word' id='word_1_243' title='bbox 325 2861 376 2938; x_wconf 74' lang='grc' dir='ltr'>τήν</span> <span class='ocrx_word' id='word_1_244' title='bbox 393 2862 478 2921; x_wconf 82' lang='grc' dir='ltr'>ἵππον</span> <span class='ocrx_word' id='word_1_245' title='bbox 492 2860 581 2920; x_wconf 84' lang='grc' dir='ltr'>αύτῶν</span> <span class='ocrx_word' id='word_1_246' title='bbox 600 2861 771 2940; x_wconf 75' lang='grc' dir='ltr'>ἐλυμήναντο</span> <span class='ocrx_word' id='word_1_247' title='bbox 790 2861 956 2938; x_wconf 73' lang='grc' dir='ltr'>ἀνηκέστως·</span> 
     </span>
     <span class='ocr_line' id='line_1_34' title="bbox 158 2947 957 3030; baseline 0.001 -20"><span class='ocrx_word' id='word_1_248' title='bbox 158 2953 187 3010; x_wconf 83' lang='grc' dir='ltr'>ἐν</span> <span class='ocrx_word' id='word_1_249' title='bbox 199 2950 253 3030; x_wconf 82' lang='grc' dir='ltr'>γάρ</span> <span class='ocrx_word' id='word_1_250' title='bbox 266 2977 301 3029; x_wconf 85' lang='grc' dir='ltr'>τη</span> <span class='ocrx_word' id='word_1_251' title='bbox 316 2952 429 3027; x_wconf 78' lang='grc' dir='ltr'>ἐσβολῇ</span> <span class='ocrx_word' id='word_1_252' title='bbox 445 2947 463 3024; x_wconf 86' lang='grc' dir='ltr'><strong><em>ἦ</em></strong></span> <span class='ocrx_word' id='word_1_253' title='bbox 482 2954 543 3008; x_wconf 91' lang='grc' dir='ltr'>ἐστι</span> <span class='ocrx_word' id='word_1_254' title='bbox 563 2949 632 3009; x_wconf 84' lang='grc' dir='ltr'>κατά</span> <span class='ocrx_word' id='word_1_255' title='bbox 648 2949 814 3028; x_wconf 82' lang='grc' dir='ltr'>Ὑάμπολιν,</span> <span class='ocrx_word' id='word_1_256' title='bbox 829 2955 858 3011; x_wconf 86' lang='grc' dir='ltr'>ἐν</span> <span class='ocrx_word' id='word_1_257' title='bbox 870 2951 957 3030; x_wconf 87' lang='grc' dir='ltr'>ταύτῃ</span> 
     </span>
     <span class='ocr_line' id='line_1_35' title="bbox 157 3035 958 3117; baseline 0.004 -21"><span class='ocrx_word' id='word_1_258' title='bbox 157 3037 266 3116; x_wconf 88' lang='grc' dir='ltr'>τάφρον</span> <span class='ocrx_word' id='word_1_259' title='bbox 292 3036 420 3117; x_wconf 86' lang='grc' dir='ltr'>μεγάλην</span> <span class='ocrx_word' id='word_1_260' title='bbox 447 3035 599 3112; x_wconf 84' lang='grc' dir='ltr'>ὀρύξαντες,</span> <span class='ocrx_word' id='word_1_261' title='bbox 628 3035 772 3115; x_wconf 87' lang='grc' dir='ltr'>άμφορέας</span> <span class='ocrx_word' id='word_1_262' title='bbox 799 3038 904 3102; x_wconf 83' lang='grc' dir='ltr'>κεινούς</span> <span class='ocrx_word' id='word_1_263' title='bbox 930 3045 958 3103; x_wconf 91' lang='grc' dir='ltr'>ἐς</span> 
     </span>
     <span class='ocr_line' id='line_1_36' title="bbox 158 3123 958 3202; baseline 0.003 -18"><span class='ocrx_word' id='word_1_264' title='bbox 158 3124 243 3200; x_wconf 77' lang='grc' dir='ltr'>αύτην</span> <span class='ocrx_word' id='word_1_265' title='bbox 256 3125 418 3199; x_wconf 88' lang='grc' dir='ltr'>κατέθηκαν·</span> <span class='ocrx_word' id='word_1_266' title='bbox 438 3127 508 3202; x_wconf 92' lang='grc' dir='ltr'>χοῦν</span> <span class='ocrx_word' id='word_1_267' title='bbox 521 3123 550 3182; x_wconf 83' lang='grc' dir='ltr'>δὲ</span> <span class='ocrx_word' id='word_1_268' title='bbox 565 3125 786 3202; x_wconf 78' lang='grc' dir='ltr'>ἐπιφορήσαντες</span> <span class='ocrx_word' id='word_1_269' title='bbox 800 3127 845 3183; x_wconf 82' lang='grc' dir='ltr'>καὶ</span> <span class='ocrx_word' id='word_1_270' title='bbox 858 3126 958 3202; x_wconf 74' lang='grc' dir='ltr'>ὁμοιού-</span> 
     </span>
     <span class='ocr_line' id='line_1_37' title="bbox 158 3209 958 3291; baseline 0.006 -21"><span class='ocrx_word' id='word_1_271' title='bbox 158 3235 257 3274; x_wconf 87' lang='grc' dir='ltr'>σαντες</span> <span class='ocrx_word' id='word_1_272' title='bbox 279 3215 318 3290; x_wconf 78' lang='grc' dir='ltr'>τῶ</span> <span class='ocrx_word' id='word_1_273' title='bbox 341 3210 420 3290; x_wconf 79' lang='grc' dir='ltr'>ἄλλω</span> <span class='ocrx_word' id='word_1_274' title='bbox 442 3209 531 3291; x_wconf 71' lang='grc' dir='ltr'>χάρη,</span> <span class='ocrx_word' id='word_1_275' title='bbox 555 3211 681 3274; x_wconf 84' lang='grc' dir='ltr'>ἐδέκοντο</span> <span class='ocrx_word' id='word_1_276' title='bbox 703 3212 768 3276; x_wconf 82' lang='grc' dir='ltr'>τοῦς</span> <span class='ocrx_word' id='word_1_277' title='bbox 789 3213 958 3276; x_wconf 80' lang='grc' dir='ltr'>Θεσσαλούς</span> 
     </span>
    </p>
   </div>
   <div class='ocr_carea' id='block_1_2' title="bbox 0 0 1149 3432">
    <p class='ocr_par' dir='ltr' id='par_1_4' title="bbox 0 0 1149 3432">
     <span class='ocr_line' id='line_1_38' title="bbox 0 0 1149 3432; baseline 0 0"><span class='ocrx_word' id='word_1_278' title='bbox 0 0 1149 3432; x_wconf 95' lang='lat' dir='ltr'> </span> 
     </span>
    </p>
   </div>
  </div>
 </body>
</html>
