2204 3430
128 139 239 205 53-58]
428 139 631 190 τυννιιιοτα.
897 140 930 186 τι

126 236 177 282 νυν
204 219 269 299 ὄψις
294 224 345 281 τοῦ
367 220 523 301 Ἱππάρχου
544 219 672 282 ἐνυπνίου
691 219 726 296 ἦν
745 217 805 296 ἥδε·
845 223 929 298 ἐντῇ

127 310 251 388 προτέρῃ
264 311 341 370 νυκτὶ
353 313 409 371 τῶν
426 310 629 387 Παναθηναίων
643 308 734 369 ἐδόκεε
748 306 931 387 όἽππαρχος

127 397 214 474 ἄνδρα
235 401 261 458 οἱ
282 398 435 460 ἐπιστάντα
450 399 541 481 μέγαν
560 399 606 458 καὶ
625 396 729 457 εὐειδέα
747 396 928 458 αἰνίσσεσθαι

126 484 194 546 τάδε
203 486 239 546 τά
253 488 328 546 ἔπεα·

225 592 301 650 Γλῆθι
319 591 380 639 λέων
400 591 497 652 ἄτλητα
513 592 597 640 παθὼν
613 591 726 651 τετληότι
742 589 816 652 θυμῷ·

225 665 299 713 οὐδεὶς
316 662 446 726 ἀνθρώπων
463 665 549 712 ἀδικῶν
565 665 628 713 τίσιν
644 666 686 713 οὐκ
703 665 820 716 ἀποτίσει.

125 751 215 810 ταῦτα
236 749 273 819 δὲ,
294 748 331 812 οῖς
350 747 440 828 ἡμέρη
465 751 574 830 ἐγένετο
599 748 730 829 τάχιστα,
753 747 874 826 φανερός
893 747 929 825 ἦν

126 835 340 914 ύπερτιθέμενος
361 836 577 913 ι’νειροπόλοισι·
598 837 670 914 μετοὶ
689 837 726 907 δέ,
743 835 930 913 ἀπειπάμενος

126 924 179 1000 τὴν
193 923 267 1001 ὄψιν,
282 925 388 1002 ἐπεμπε
400 923 451 999 τὴν
464 924 582 1000 πομπὴν
595 929 624 984 ἐν
636 929 672 1002 τῇ
686 924 720 1000 δή
733 929 860 1003 τελευτᾷ.

169 1015 207 1071 Οἱ
216 1011 246 1070 δέ
254 1015 415 1088 Γεφυραῖοι,
426 1014 481 1070 πεῖν
493 1009 569 1087 ἦσαν
581 1013 609 1070 οἱ
622 1012 720 1087 φονέες
731 1015 757 1070 οἶ
766 1011 930 1090 Ἱππάρχου,

128 1098 164 1162 ὥς
184 1101 236 1175 μὲν
256 1097 335 1158 αύτοὶ
350 1099 476 1180 λέγουσι,
491 1098 659 1180 ἐγεγόνεσαν
676 1098 706 1168 ἐξ
720 1097 862 1176 Ἐρετρίης
878 1098 977 1174 τὴν57
1030 1140 1036 1155 ,

127 1185 229 1264 ἀρχήν·
271 1185 306 1250 αῖς
324 1186 353 1246 δέ
372 1186 425 1268 ἐγιδ
441 1185 699 1263 ἀναπυνθανόμενος
717 1185 843 1264 εύρίσκω,
856 1185 932 1262 ἦσαν

127 1273 254 1338 Φοίνικες
273 1278 328 1335 τῶν
348 1273 402 1334 σύν
422 1271 530 1354 Κάδμῳ
551 1273 724 1353 α’πικομένων
750 1275 883 1335 Φοινίκων
904 1279 932 1339 ἐς

126 1364 182 1444 γῆν
202 1361 255 1440 τήν
278 1367 327 1424 νῦν
350 1364 485 1440 Βοιωτίην
507 1363 687 1442 καλεομένην·
719 1364 809 1424 οἴκεον
830 1363 860 1422 δὲ
880 1368 931 1440 τῆς

125 1450 219 1530 χώρης
233 1449 336 1528 ταύτης
350 1450 544 1532 ἀπολαχόντες
561 1452 613 1528 τήν
631 1451 806 1535 Ταναγρικὴν
818 1455 929 1531 μοῖραν·

127 1539 251 1600 ἐνθεῦτεν
271 1539 301 1600 δέ
321 1539 468 1618 Καδμείων
487 1539 624 1618 πρότερον
648 1539 857 1611 ἐξαναστάντων
883 1539 929 1600 ὑπ’

125 1623 266 1708 Ἀργείων,
281 1631 308 1689 οἱ
327 1633 480 1706 Γεφυραῖοι
501 1626 578 1688 οὗτοι
598 1627 711 1706 δεύτερα
727 1626 783 1688 ύπό
802 1633 931 1688 Βοιωτῶν

127 1713 328 1782 ἐξαναστάντες
346 1715 498 1794 ἐτράποντο
513 1715 554 1776 ἐπ’
571 1715 717 1794 Ἀθηνέων·
737 1715 882 1792 Ἀθηναῖοι
899 1715 932 1776 δέ

127 1807 220 1877 σφεας
239 1803 285 1862 ἐπὶ
301 1807 412 1882 ῥητοῖσι
432 1804 560 1874 ἐδέξαντο
575 1805 672 1881 σφέων
685 1804 774 1864 αὐτῶν
792 1803 861 1862 εἶναι
879 1829 929 1862 πο·

124 1889 232 1964 λιήτας,
249 1895 365 1950 πολλῶν
384 1891 453 1951 τέων
474 1893 520 1950 καὶ
536 1891 586 1950 ούκ
604 1889 800 1971 ἀξιαπηγήτων
820 1890 929 1960 ἐπιτάξ-

125 2003 205 2040 αντες
219 1978 361 2058 ἔργεσθαι.
391 1981 428 2036 Οἱ
442 1977 471 2036 δέ
484 1977 609 2040 Φοίνικες
622 1975 698 2036 οὗτοι
712 1980 739 2036 οἱ
753 1975 807 2035 σύν
822 1976 929 2056 Κάδμῳ
937 1982 976 2039 58

125 2061 300 2140 ἀπικόμενοι,
313 2068 369 2124 τῶν
385 2063 460 2140 ἦσαν
478 2066 506 2123 οἱ
524 2067 685 2142 Γεφυραῖοι,
699 2062 776 2123 ἄλλα
789 2089 820 2123 τε
832 2064 930 2124 πολλά

125 2149 290 2226 οἰκήσαντες
307 2150 410 2229 ταύτην
427 2151 479 2228 την
496 2150 590 2231 χάρην
604 2151 746 2234 ἐσήγαγον
759 2151 927 2212 διδασκάλια

125 2241 154 2301 ἐς
173 2235 241 2302 τούς
252 2238 404 2316 Ἕλληνας,
422 2241 468 2300 καὶ
484 2236 519 2318 δὴ
538 2240 583 2300 καὶ
599 2239 760 2322 γράμματα,
779 2239 828 2302 ούκ
849 2241 929 2302 ἐόντα

124 2326 191 2404 πρὶν
198 2325 334 2405 Ἕλλησι,
349 2327 385 2392 ὥς
398 2329 460 2406 ἐμοὶ
474 2329 587 2389 δοκέειν·
608 2333 705 2408 πρῶτα
717 2331 777 2408 μὲν,
792 2333 868 2390 τοῖσι
883 2332 929 2390 καὶ

124 2413 244 2480 ἅπαντες
256 2417 391 2496 χρέωνται
403 2417 537 2481 Φοίνικες·
549 2418 624 2496 μετά
637 2417 674 2488 δέ,
688 2415 792 2497 χρόνου
807 2419 928 2496 προβαί-

124 2527 228 2578 νοντος,
243 2504 302 2582 ἅμα
314 2508 350 2582 τῇ
364 2507 444 2584 φωνῇ
457 2506 619 2584 μετέβαλον
633 2506 679 2565 καὶ
691 2505 741 2566 τόν
753 2505 861 2584 ῥυθμόν
872 2511 928 2568 τῶν

122 2591 304 2670 γραμμάτων.
340 2595 496 2669 περιοίκεον
519 2593 550 2652 δέ
572 2600 665 2670 σφεας
687 2592 724 2654 τά
750 2593 849 2654 πολλά
872 2599 927 2654 τῶν

122 2677 220 2755 χαίρων
227 2683 327 2740 τοῦτον
335 2678 385 2740 τόν
392 2679 495 2759 χρόνον
502 2679 647 2758 Ἑλλήνων
652 2679 754 2744 Ἴωνες·
766 2680 793 2740 οῖ
800 2685 927 2759 παραλα-

123 2763 225 2840 βάντες
251 2767 351 2847 διδαχῇ
374 2768 452 2846 παρά
473 2773 528 2830 τῶν
549 2769 683 2830 Φοινίκων
705 2768 741 2829 τά
764 2767 926 2851 γράμματα,

122 2854 398 2930 μεταρρυθμίσαντές
411 2862 508 2932 σφεων
518 2855 603 2938 ὀλίγα
613 2857 757 2936 ἐχρέωντο·
774 2855 927 2935 χρεώμενοι

123 2939 154 2998 δέ
173 2939 320 3016 ἐφάτισαν,
338 2941 432 3020 ὥσπερ
446 2943 538 3004 καὶτὰ
553 2943 659 3003 δίκαιον
673 2944 755 3020 ἔφερε
773 2939 927 3019 ἐσαγαγόν-

123 3053 178 3088 των
194 3029 328 3088 Φοινίκων
342 3033 369 3092 ἐς
387 3030 438 3106 τὴν
450 3030 585 3102 Ἑλλάδα,
600 3029 746 3104 Φοινικήϊα
760 3024 926 3096 κεκλῆσθαι·

124 3116 170 3175 καὶ
181 3115 233 3180 τάς
244 3114 378 3193 βύβλους
388 3117 521 3196 διφθέρας
531 3118 667 3177 καλέουσι
677 3115 733 3174 α’πό
743 3115 795 3171 τοῦ
805 3107 928 3165 παλαιοῦ

122 3203 259 3275 οίἿωνες,
274 3204 318 3265 ὅτι
332 3205 396 3265 κοτέ
410 3209 439 3265 ἐν
451 3203 540 3265 σπάνι
549 3203 672 3282 βύβλων
683 3197 817 3276 ἐχρέωντο
832 3187 928 3290 8342&-

121 3317 190 3370 ρῃσι
205 3293 322 3376 αἰγέῃσί
337 3319 369 3352 τε
389 3293 435 3352 καὶ
453 3291 555 3370 όίέῃσι·
581 3285 669 3347 ἔτιδὲ
685 3281 732 3340 καὶ
748 3275 782 3335 τό
801 3296 852 3330 κατ
877 3271 926 3344 ἐμὲ
