2280 3432
176 99 314 162 130-133]
494 98 649 148 0333313.
927 101 974 150 333

175 178 263 253 κλέος,
279 181 342 260 Ὶτοῦ
364 176 580 254 Ἀριστοδήμου,
603 180 654 237 τοῦ
679 177 897 257 Ἀριστομάχου,
924 182 975 238 τοῦ

112 294 117 302 ·
176 265 341 336 Κλεοδαίου,
368 271 418 326 τοῦ
438 264 558 336 Ὕλλου,
585 269 636 326 τοῦ
654 264 820 342 Ἡρακλέος·
855 264 906 324 ἐάν
924 269 975 342 τῆς

176 354 268 432 ἑτέρης
288 355 375 430 οἰκίης
393 357 450 414 τάν
471 354 626 430 βασιλέων.
668 351 744 414 οῦτοι
769 351 877 424 πάντες,
898 353 975 430 πλην

174 447 229 502 τῦν
242 443 312 502 δυῶν
323 447 379 503 τῶν
390 441 462 520 μετά
474 443 644 522 Λευτυχίδεα
662 441 777 520 πράτων
791 443 974 522 καταλεχθέν-

173 556 235 602 των,
251 533 278 590 οἱ
291 529 384 604 ἄλλοι,
396 531 533 608 βασιλέες
546 531 672 611 ἐγένοντο
686 529 826 608 Σπάρτης·
846 529 974 606 Ἀθηναί-

166 644 211 688 1ων
220 619 250 678 δέ
263 617 433 698 ἐστρατήγεε
442 616 604 682 Ξάνθιππος
617 617 634 678 ά
646 617 823 696 Ἀρίφρονος.
851 617 912 682 Ὧς
925 619 954 678 δὲ
964 620 1021 678 132

174 706 359 784 παρεγένοντο
373 704 464 780 ε’ςτῆν
476 706 593 786 Αἴγιναν
609 709 701 764 πᾶσαι
714 710 743 766 αἱ
758 711 828 782 νῆες,
842 706 974 766 ἀπίκοντο

174 791 272 852 Ἰάνων
286 791 403 874 ἄγγελοι
417 797 445 856 ἐς
456 791 489 852 τδ
504 791 694 870 στρατόπεδον
706 797 761 852 τάν
772 793 926 870 Ἑλλήνων·
948 794 974 853 οἳ

147 953 152 962 Ι
175 880 222 938 καὶ
242 885 270 943 ἐς
288 879 341 956 τήν
354 879 486 957 Σπάρτην
499 879 587 960 ὀλίγῳ
606 878 743 956 πρότερον
760 881 863 940 τούτων
879 864 973 941 άτέικά-

175 993 262 1042 μενοι,
276 968 384 1028 ἐδέοντο
394 967 618 1044 Λακεδαιμονίων
628 967 791 1043 ἐλευθεροῦν
800 967 851 1042 τὴν
860 967 974 1043 Ἰωνίην·

175 1059 230 1114 τῶν
243 1055 289 1114 καὶ
306 1055 458 1133 Ἡρόδοτος
478 1054 494 1114 ὁ
513 1053 689 1130 Βασιληίδεω
707 1053 751 1130 ἦν·
773 1053 800 1113 οἳ
819 1058 978 1115 στασιῶταί

175 1148 232 1219 σφι
257 1143 409 1224 γενόμενοι,
432 1141 620 1220 ἐπεβούλευον
647 1141 765 1202 θάνατον
791 1143 911 1220 Στράττι
936 1147 975 1223 τῷ

175 1231 247 1290 Χίου
266 1230 396 1312 τυράννῳ,
415 1230 505 1294 ἐόντες
524 1229 616 1309 άρχήν
636 1229 715 1290 ἐπτά·
747 1229 975 1307 ἐπιβουλεύοντες

135 1363 137 1367 -
176 1319 206 1378 δὲ
219 1319 255 1383 ὦς
268 1321 384 1397 φανεροὶ
397 1320 532 1401 ἐγένοντο,
543 1317 725 1388 ἐξενείκαντος
737 1317 789 1394 τήν
802 1320 975 1398 ἐπιχείρησιν

176 1407 236 1470 ἐνός
251 1411 307 1468 τῶν
323 1407 502 1487 μετεχόντων,
519 1405 588 1466 οὕτω
606 1405 640 1482 δή
659 1409 686 1466 οἱ
703 1407 807 1476 λοιποὶ,
827 1407 858 1476 ἐξ
876 1406 973 1478 ἐόντες,

176 1494 333 1576 ῦπεξέσχον
347 1501 377 1555 ἐκ
389 1500 440 1572 τῆς
452 1496 533 1566 Χίου,
547 1495 594 1554 καὶ
607 1499 634 1557 ἐς
653 1493 785 1571 Σπάρτην
797 1493 973 1556 τεάπίκοντο

175 1584 222 1642 καὶ
256 1583 274 1660 η
293 1584 339 1643 καὶ
355 1583 419 1645 τότε
435 1589 463 1648 ἐς
479 1583 532 1660 τήν
547 1583 671 1665 Αἴγιναν,
685 1586 740 1643 τῦν
755 1581 899 1660 Ἑλλήνων
917 1584 974 1644 δεό-

174 1697 253 1747 μενοι
277 1677 462 1733 καταπλῶσαι
486 1678 513 1736 ἐς
538 1671 590 1748 τήν
612 1670 727 1748 Ἰωνίην·
763 1670 790 1730 οἳ
812 1671 975 1755 προήγαγον

173 1759 274 1823 αὐτοῦς
286 1761 368 1842 μόγις
384 1762 468 1840 μέχρι
482 1760 590 1836 Δήλου·
609 1759 643 1819 τά
660 1759 716 1840 γάρ
736 1760 975 1837 προσωτέρωποῖν

176 1846 264 1906 δεινόν
284 1847 319 1922 ἦν
345 1852 422 1908 τοῖσι
442 1848 578 1922 Ἕλλησι,
605 1845 668 1906 οῦτε
693 1849 749 1905 τῶν
774 1847 870 1923 χώρων
897 1852 974 1908 ἐοῦσι

177 1933 341 2008 ἐμπείροισι,
367 1937 502 2009 στρατιῆς
523 1959 555 1992 τε
575 1931 666 1991 πάντα
687 1931 762 1989 πλέα
785 1932 875 1991 ἐδόκεε
897 1934 974 1994 εἶναι·

176 2018 228 2094 τήν
241 2019 271 2078 δὲ
285 2018 381 2096 Σάμον
394 2021 543 2079 ἐπιστέατο
559 2019 626 2096 δόξῃ
640 2019 686 2076 καὶ
697 2018 854 2093 Ἡρακλέας
867 2020 975 2096 στήλας

177 2105 242 2166 ἴσον
262 2105 385 2186 άπέχειν·
406 2107 558 2167 συνέπιπτε
575 2107 604 2166 δὲ
622 2109 741 2174 τοιοῦτο,
756 2103 828 2165 ὥστε
843 2106 908 2170 τοῦς
924 2111 975 2185 μὲν

176 2193 343 2272 βαρβάρους
367 2195 400 2256 τὰ
426 2194 498 2273 πρός
520 2195 640 2272 ἑσπέρης
666 2192 791 2271 άνωτέρω
818 2193 914 2272 Σάμου
934 2197 974 2274 μή

176 2286 287 2360 τολμᾶν
304 2287 497 2354 καταπλῶσαι,
517 2281 769 2362 καταρρωδηκότας·
789 2281 853 2346 τοῦς
869 2283 975 2344 δέἜλ-

176 2374 271 2447 ληνας,
297 2373 466 2453 χρηϊζόντων
492 2374 576 2443 Χίων,
603 2371 636 2432 τὸ
667 2371 738 2448 πρός
766 2369 807 2447 ήῦ
833 2373 975 2451 κατωτέρω

178 2459 286 2534 Δήλου·
307 2461 378 2522 οὕτω
390 2462 451 2525 δέος
462 2461 496 2522 τό
508 2461 598 2539 μέσον
612 2459 762 2536 ἐφόλασσέ
774 2465 879 2535 σφεων.

220 2550 257 2606 Οἱ
269 2551 321 2623 μέν
334 2549 516 2627 δήἘλληνες
529 2551 636 2609 ἔπλωον
650 2553 677 2612 ἐς
689 2548 740 2624 τήν
751 2551 857 2625 Δῆλον·
874 2555 954 2628 Μορ·
966 2549 1023 2610 133

178 2625 268 2690 δόνιος
288 2629 318 2687 δὲ
335 2633 399 2708 περὶ
418 2631 470 2708 τήν
489 2631 654 2707 Θεσσαλίην
676 2631 811 2710 ἐχείμαζε.
853 2633 977 2692 ἐνθεῦτεν

179 2713 209 2772 δέ
232 2712 412 2794 ὁρμεάμενος,
434 2721 539 2797 ἔπεμπε
563 2718 633 2779 κατά
656 2719 692 2779 τά
711 2718 871 2798 χρηστήρια
891 2717 977 2797 ἄνδρα

178 2799 315 2879 Εὐρωπέα
336 2807 423 2886 γένος,
444 2811 483 2886 τῷ
505 2807 612 2885 οῦνομα
634 2806 669 2882 ἦν
692 2811 764 2877 Μῦς,
788 2807 977 2884 ἐντειλάμενος

179 2895 310 2969 πανταχῆ
322 2919 371 2967 μιν
385 2895 563 2975 χρησόμενον
583 2895 675 2955 ἐλθεῖν
691 2898 747 2955 τῶν
763 2894 809 2954 οἶά
823 2919 854 2954 τε
871 2894 906 2970 ἦν
921 2902 977 2972 σφι

180 2974 436 3055 άποπειρήσασθαι.
477 2981 494 3042 ὅ
516 3007 544 3042 τι
563 2985 615 3058 μέν
640 2981 815 3058 βουλόμενος
835 2983 977 3059 ἐκμαθέειν

180 3061 250 3142 πρδς
266 3069 322 3128 τῦν
341 3071 520 3148 χρηστηρίων
542 3073 630 3130 ταῦτα
653 3070 821 3139 ἐνετέλλετο,
848 3068 897 3129 οὐκ
924 3071 978 3150 ἐχω

180 3153 300 3230 φράσαι·
322 3155 355 3217 οῦ
375 3157 430 3240 γάρ
453 3157 490 3218 ὧν
511 3158 632 3238 λέγεται·
659 3157 744 3218 δοκέω
765 3156 788 3216 δ’
809 3159 894 3240 ἐγωγε
914 3160 978 3236 περὶ

179 3245 235 3305 τῶν
257 3247 416 3326 παρεόντων
438 3245 618 3329 πρηγμάτων,
645 3246 692 3308 καὶ
717 3245 767 3307 οὐκ
794 3245 889 3310 ἄλλων
914 3249 977 3327 πέρι
