2294 3430
161 81 208 126 1⁵6
461 73 644 124 ἭΡοΔοτοτ
880 76 954 139 [vn.

160 157 206 214 καὶ
218 154 365 232 Ἀθηνέων·
386 159 413 214 οἶ
426 154 455 214 δέ
468 154 524 214 ἇπὸ
537 153 692 232 Ἀρκαδίης·
714 158 742 214 οἶ
758 155 789 214 δὲ
805 153 861 214 α’πὸ
881 155 956 217 Κύθ-

160 271 217 304 νου·
239 247 265 302 οί
287 244 316 302 δὲ
336 242 392 302 άπδ
414 244 551 318 Φοινίκης·
572 246 599 300 οἱ
619 242 648 300 δέ
669 241 726 301 άπὸ
744 243 898 320 Αἰθιοπίης,
921 243 957 310 ὦς

122 404 126 412 „
159 329 238 390 αὐτοὶ
254 329 375 407 Κύπριοι
395 331 522 410 λέγουσι.
565 330 680 392 Κίλικες
697 329 727 388 δὲ
745 329 842 390 ἐκατὸν
862 331 957 409 παρεί-

158 445 243 497 χοντο
264 418 335 481 νέας·
362 416 439 477 οὗτοι
460 416 483 476 δ’
506 416 540 476 αὖ
562 417 625 494 περὶ
645 419 697 493 μὲν
719 421 788 496 τῇσι
812 423 957 498 κεφαλῇσι

112 508 148 565 91
162 506 270 582 κράνεαΙ
286 504 426 584 ἐπιχώρια,
450 504 569 580 λαισήϊά
594 530 625 564 τε
651 505 727 583 εἶχον
752 504 809 564 ἀντ’
831 504 957 569 ἀσπίδων

160 593 305 669 ὠμοβοέης
325 594 506 668 πεποιημένα,
528 593 574 650 καὶ
598 593 712 656 κιθῶνας
735 593 862 668 εἰρινέους
886 595 956 655 ἐνδε-

130 700 132 712 “
159 675 279 744 δυκότες·
299 680 348 739 δύο
369 680 398 740 δέ
420 679 533 740 ἀκόντια
557 681 673 742 ἕκαστος
696 681 742 739 καὶ
766 680 847 755 ξίφος
872 681 955 761 εἶχον,

151 767 305 848 ’ἀγχοτάτω
317 772 390 846 ’τῇσι
408 768 579 848 Αίγιηττίῃσι
596 768 753 846 μαχαίρῃσι
773 771 955 845 πεποιημένα.

145 854 238 916 Ιοὗτοι
257 859 308 934 μὲν
328 855 361 916 τό
381 855 665 934 παλαιὸνὛπαχαιοὶ
685 856 842 915 ἐκαλέοντο·
863 857 910 922 ἐπὶ
926 859 956 917 δέ

158 945 277 1008 Κίλικος
294 948 344 1004 τοῦ
364 942 524 1024 Ἀγήνορος,
541 943 639 1021 ἀνδρός
651 944 785 1014 Φοίνικος,
800 944 884 1024 ἔσχον
903 945 955 1022 τήν

158 1033 322 1108 ἐπωνυμίην.
365 1031 524 1107 Πάμφυλοι
551 1032 581 1090 δὲ
609 1031 756 1108 τριήκοντα
789 1033 954 1110 παρείχοντο

148 1122 219 1183 ’νέας
231 1120 424 1196 Ἑλληνικοῖσι
437 1118 554 1177 ὅπλοισι
567 1119 775 1195 ἐσκευασμένοι·
790 1121 817 1177 οἶ
830 1119 859 1177 δὲ
873 1119 954 1196 Πάμ-

157 1212 244 1281 φυλοι
266 1207 342 1266 οὗτοι
365 1206 419 1265 εἶσὶ
440 1209 496 1266 τῶν
517 1211 547 1264 ἐκ
562 1207 668 1282 Τροίης
688 1204 955 1267 ἀποσκεδασθέντων

110 1294 216 1372 θδάμα
236 1295 404 1373 Ἀμφιλόχῳ
426 1294 471 1352 καὶ
494 1294 652 1372 Κάλχαντι.
693 1291 792 1351 Λύκιοι
813 1293 842 1352 δέ
860 1297 953 1372 παρεί-

156 1409 241 1462 χοντο
262 1384 324 1446 νέας
342 1380 522 1457 πεντήκοντα,
543 1380 735 1457 θωρηκοφόροι
752 1405 783 1440 τε
801 1381 891 1448 ἐόντες
909 1384 954 1442 καί

158 1470 368 1547 κνημιδοφόροι·
390 1467 465 1546 εἶχον
484 1469 514 1527 δέ
534 1469 603 1537 τόξα
626 1469 759 1544 κρανέϊνα,
780 1471 825 1527 καὶ
843 1470 954 1534 όίστοῦς

157 1559 326 1634 καλαμίνους
339 1556 474 1633 ἀπτέρους
488 1557 534 1615 καὶ
548 1555 670 1615 αἶκόντια·
691 1557 737 1614 ἐπὶ
750 1556 787 1628 δὲ,
803 1557 881 1636 αίγὸς
896 1559 954 1635 δέρ-

156 1671 232 1722 ματα
255 1645 319 1721 περὶ
341 1643 405 1706 τοῦς
429 1642 518 1720 ὤμους
541 1643 720 1720 αἶωρεύμενα·
748 1644 812 1720 περὶ
835 1646 864 1704 δέ
886 1650 953 1724 τῇσι

157 1737 301 1812 κεφαλῇσι
317 1733 418 1794 πίλους
430 1735 559 1808 πτεροῖσι
574 1732 890 1809 περιεστεφανωμένους·
911 1739 953 1816 ἐγ-

155 1821 273 1900 χειρίδια
287 1821 317 1879 δὲ
331 1820 377 1878 καὶ
391 1819 513 1895 δρέπανα
531 1819 614 1898 είχον.
657 1819 756 1879 Λύκιοι
777 1820 806 1880 δέ
818 1822 954 1898 Τερμίλαι

157 1910 313 1978 ἐκαλέοντο,
329 1913 359 1967 ἐκ
374 1907 488 1984 Κρήτης
507 1906 663 1989 γεγονότες·
684 1909 729 1967 ἐπὶ
749 1908 779 1967 δὲ
792 1909 884 1968 Λύκου
904 1917 954 1969 τοῦ

156 1997 317 2067 Πανδίονος,
332 1995 431 2074 ἀνδρός
445 1994 602 2071 Ἀθηναίου,
617 1996 701 2074 ἔσχον
721 1996 772 2071 τήν
790 1999 953 2075 ἐπωνυμίην.

109 2088 146 2144 93
159 2086 276 2162 Δωριέες
296 2085 325 2144 δὲ
345 2087 371 2143 οἱ
390 2089 420 2142 ἐκ
438 2087 488 2159 τῆς
504 2082 603 2158 Ἀσίης
624 2083 771 2160 τριήκοντα
789 2086 954 2164 παρείχοντο

156 2174 226 2241 νέας,
241 2173 350 2251 ἔχοντές
361 2197 392 2231 τε
405 2171 560 2246 Ἑλληνικὰ
578 2170 655 2230 ὅπλα
674 2172 719 2229 καὶ
736 2171 881 2252 γεγονότες
897 2172 953 2234 α’πὸ

156 2259 384 2334 Πελοποννήσου.
430 2262 522 2335 Κᾶρες
536 2259 565 2317 δέ
580 2259 772 2336 ἐβδομήκοντα
788 2261 954 2339 παρείχοντο

150 2348 225 2419 νέας,
248 2347 284 2406 τά
304 2349 356 2422 μὲν
377 2343 455 2404 ἄλλα
474 2344 597 2424 κατάπερ
616 2345 755 2422 Ἕλληνες
776 2347 953 2424 ἐσταλμένοι·

82 2472 84 2478 .
157 2435 233 2514 εἶχον
247 2435 276 2493 δέ
290 2435 336 2492 καὶ
349 2433 471 2511 δρέπανα
485 2434 531 2492 καὶ
548 2435 702 2516 ἐγχειρίδια.
747 2431 823 2494 οὗτοι
841 2434 871 2493 δὲ
888 2435 954 2494 οἵτι-

155 2548 199 2585 νες
225 2521 361 2598 πρότερον
391 2523 547 2591 ἐκαλέοντο,
576 2527 605 2581 ἐν
630 2525 707 2582 τοῖσι
735 2521 872 2599 πρώτοισι
899 2527 954 2583 τῶν

85 2599 98 2634 ¹
155 2610 248 2692 λόγων
271 2611 384 2688 εἴρηται.
421 2609 514 2673 Ἴωνες
532 2610 562 2669 δέ
580 2609 677 2670 ἑκατόν
694 2610 757 2672 νέας
777 2609 952 2688 παρείχοντο,

108 2701 145 2758 94
158 2699 357 2776 ἐσκευασμένοι
385 2698 421 2762 ὦς
442 2698 590 2774 Ἕλληνες.
628 2695 720 2761 Ἴωνες
747 2697 785 2767 δέ,
807 2695 877 2758 ὅσον
902 2699 954 2775 μέν

155 2786 256 2866 χρόνον
275 2792 303 2848 ἐν
317 2785 527 2866 Πελοποννήσῳ
546 2787 635 2846 οἴκεον
652 2786 705 2862 τήν
720 2779 769 2842 νῧν
783 2786 954 2862 καλεομένην

154 2875 291 2955 Ἀχαιίην,
306 2876 351 2934 καὶ
369 2875 435 2953 πρὶν
452 2873 471 2951 ἢ
486 2873 598 2934 Δάναόν
616 2899 648 2932 τε
666 2875 712 2932 καὶ
729 2874 839 2935 Ξοῦθον
860 2871 953 2932 άπικέ-

156 2965 224 3024 σθαι
246 2968 272 3028 ἐς
290 2961 520 3038 Πελοπόννησον,
539 2961 573 3024 ὥς
585 2960 724 3036 Ἕλληνες
745 2961 871 3042 λέγουσι,
893 2965 953 3019 ἐκα-

156 3052 254 3112 λέοντο
268 3052 417 3132 Πελασγοὶ
431 3049 586 3130 Αἰγιαλέες·
608 3048 652 3108 ἐπὶ
669 3049 698 3108 δὲ
713 3047 808 3112 Ἴωνος
820 3052 870 3107 τοῦ
883 3045 952 3109 Eos»

109 3141 146 3199 95
157 3141 206 3201 θου
222 3137 323 3204 Ἴωνες.
344 3137 347 3144 ’
365 3141 512 3214 Νησιῶται
533 3135 563 3194 δὲ
585 3135 766 3195 ἑπτακαίδεκα
786 3135 954 3212 παρείχοντο
997 3143 1028 3222 2

156 3228 225 3299 νέας,
239 3227 412 3306 ὠπλισμένοι
430 3224 465 3288 ὦς
478 3223 626 3300 Ἓλληνες·
648 3223 693 3282 καὶ
710 3225 793 3284 τοῦτο
808 3224 953 3302 Πελασγι-
