2280 3432
152 102 291 166 115-118]
471 100 626 153 ουνιυιι.
653 92 656 101 “
745 165 746 170 γ
900 87 955 152 26⁷I

149 183 215 248 λεδς
224 187 277 264 γῆς
286 208 317 244 τε
329 186 381 259 τῆς
394 186 603 260 Κρηστωνικῆς,
613 180 709 260 Θρήῖξ,
721 181 802 264 ἔργον
809 181 949 259 ὖπερφυές

151 271 301 350 ἐργάσατο·
329 270 359 334 ὃς
376 269 438 330 οὔτε
454 269 536 334 αὐτός
555 271 664 349 ἔφητῷ
681 269 771 349 Ξέρξη
792 267 860 329 ἑκών
880 268 949 329 εἶναι

151 358 320 429 δουλεύσειν,
335 356 400 418 ἀλλ’
411 358 503 436 οἴχετο
515 357 570 418 ἅνω
581 364 608 422 ἐς
618 358 651 418 τό
662 354 742 435 οὖρος
751 355 803 432 τήν
812 355 950 433 Ῥοδόπην

149 447 229 505 τοῖσί
244 471 275 506 τε
292 447 375 505 παισὶ
393 445 548 527 άπηγόρευε
563 445 604 524 μή
620 445 823 523 στρατεύεσθαι
841 445 887 504 ἐπὶ
898 444 951 521 τήν

148 532 286 592 Ἑλλάδα·
315 537 342 593 οἱ
363 534 393 593 δέ
414 532 615 614 ἀλογήσαντες,
636 531 655 609 ἢ
676 531 770 596 άλλως
789 538 845 609 σφι
864 532 951 609 θυμός

151 621 259 702 ἐγένετο
278 620 439 696 θεήσασθαι
455 620 506 680 τόν
524 621 659 696 πόλεμον,
674 619 873 698 ἐστρατεύοντο
891 618 951 698 οἶμα

150 713 189 786 τῷ
204 709 315 786 Πέρσῃ·
343 709 402 768 ἐπεὶ
423 709 453 767 δὲ
470 707 652 786 ἀνεχώρησαν
667 707 777 772 άσινέες
794 708 902 779 πάντες,
921 708 953 778 ἐξ
997 735 1000 738 ·

151 795 248 869 ἐόντες,
269 796 384 874 ἐξώρυξε
402 795 492 856 αὐτῶν
505 795 521 856 ό
535 795 628 872 πατήρ
647 795 711 859 τούς
727 795 894 872 ὄφθαλμοδς
907 795 952 855 διά

151 883 203 960 τήν
220 885 311 960 αἰτίην
328 884 440 960 ταύτην·
462 884 508 942 καὶ
521 881 598 943 οὗτοι
610 887 662 961 μὲν
674 887 773 944 τοῦτον
785 881 834 942 τόν
846 882 952 960 μισθόν

152 973 265 1048 ἔλαβον.
307 975 344 1030 Οἱ
358 972 387 1031 δὲ
401 971 513 1049 Πέρσαι
526 970 562 1034 ὥς
575 976 610 1030 ἐκ
620 975 671 1047 τῆς
683 970 805 1048 Θρηίκης
817 971 931 1047 πορευό-
942 969 998 1030 117

151 1085 229 1136 μενοι
242 1059 374 1119 ἀπίκοντο
393 1059 439 1118 ἐπὶ
456 1057 506 1120 τόν
521 1058 617 1135 πόρον,
631 1057 804 1138 ἐπειγόμενοι
820 1056 869 1117 τόν
886 1056 951 1116 Ἑλ-

151 1146 315 1222 λήσποντον
337 1151 406 1226 τῇσι
423 1147 507 1223 νηυσὶ
529 1146 668 1223 διέβησαν
690 1151 717 1209 ἐς
734 1144 872 1222 Ἄβυδον·
902 1145 953 1210 τὰς

150 1234 206 1315 γάρ
233 1235 349 1314 σχεδίας
370 1233 420 1294 οόκ
441 1232 521 1312 εὗρον
542 1235 582 1294 ἔτι
602 1233 790 1312 ἐντεταμένας,
810 1232 876 1293 ἄλλ’
895 1232 952 1294 ivr&

150 1326 286 1400 χειμῶνος
312 1323 521 1400 διαλελυμένας.
563 1323 681 1383 ἐνθαῦτα
708 1322 737 1380 δὲ
762 1320 950 1400 κατεχόμενοι,

152 1409 231 1468 σίτια
250 1435 281 1470 τε
302 1410 379 1469 πλέω
399 1408 418 1487 ἢ
441 1409 500 1470 κατ’
521 1409 587 1470 ὁδόν
613 1408 778 1491 ἐλάγχανον,
802 1408 900 1469 οὐδένα
921 1436 953 1469 τε

152 1496 262 1574 κόσμον
295 1497 502 1576 ἐμπιπλάμενοι
529 1498 575 1558 καὶ
600 1497 687 1558 ὕδατα
713 1498 952 1575 μεταβάλλοντες,

152 1584 330 1661 ἀπέθνησκον
347 1590 398 1646 τοῦ
416 1589 540 1664 στρατοῦ
557 1590 607 1646 τοῦ
620 1585 777 1664 περιεόντος
790 1587 905 1646 πολλοί·
926 1588 954 1647 οἱ

152 1673 182 1731 δὲ
196 1674 292 1733 λοιποὶ
306 1671 364 1751 ἅμα
377 1674 468 1754 Ξέρξη
481 1673 657 1734 άπικνέονται
668 1679 695 1756 ἐς
709 1673 818 1751 Σάρδις.

187 1759 274 1822 Ἔστι
295 1762 324 1821 δὲ
347 1762 392 1821 καὶ
412 1761 501 1825 άλλως
526 1761 573 1822 ὅδε
598 1760 684 1843 λόγος
710 1762 869 1844 λεγόμενος,
898 1761 1001 1826 ώς118

154 1849 247 1925 ἐπειδὴ
266 1850 372 1927 Ξέρξης
392 1849 554 1909 α’πελαόνων
574 1849 605 1919 ἐξ
623 1848 762 1924 Ἀθηνέων
780 1850 894 1910 ἀπίκετο
911 1849 953 1909 ἐπ’

152 1935 253 1996 Ἠϊόνα
274 1936 326 2012 τήν
353 1937 399 1996 ἐπὶ
420 1936 565 2014 Στρυμόνι,
584 1938 712 2008 Ιἐνθεῦτεν
733 1936 824 1996 οὐκέτι
844 1937 954 1997 ὁδοιπο-

153 2024 233 2102 ρίησι
253 2024 400 2102 διεχρέετο,
424 2023 501 2084 άλλά
520 2025 572 2100 τήν
592 2027 644 2102 μὲν
671 2024 805 2101 στρατιήν
827 2023 961 2101 Ὑδάρνεί

155 2112 295 2188 ἐπιτρέπει
318 2109 437 2191 ἀπάγειν
460 2117 487 2175 ἐς
509 2113 558 2172 τόν
581 2112 804 2188 Ἑλλήσποντον,
827 2111 909 2175 αὐτός
925 2109 954 2171 δ’

155 2199 201 2258 ἐπὶ
213 2197 278 2274 νηός
291 2200 444 2275 Φοινίσσης
457 2199 567 2277 ἐπιβάς,
582 2199 723 2278 ἐκομίζετο
738 2205 765 2263 ἐς
780 2200 832 2276 τήν
843 2199 954 2276 Ἀσίην·

154 2286 285 2348 πλώοντα
299 2288 330 2347 δέ
341 2313 390 2364 μιν
400 2286 501 2365 ἄνεμον
512 2288 685 2364 Στρυμονίην
694 2287 853 2364 ὑπολαβεῖν
865 2288 955 2370 μέγαν

155 2377 201 2434 καὶ
216 2377 360 2454 κυματίην·
388 2377 434 2435 καὶ
449 2375 491 2452 δή,
510 2380 623 2453 μᾶλλον
638 2377 693 2457 γάρ
709 2402 737 2437 τι
752 2377 955 2456 χειμαίνεσθαι,

156 2465 297 2541 γεμούσης
318 2469 369 2541 πής
391 2464 465 2540 νηός,
487 2463 559 2524 ὥστε
582 2465 628 2522 ἐπὶ
648 2468 698 2524 τοῦ
721 2463 956 2542 καταστρώματος

157 2551 291 2612 ἐπεόντων
311 2557 422 2631 συχνῶν
442 2552 576 2630 Περσέων
595 2555 650 2612 τῶν
670 2552 724 2611 σόν
737 2552 828 2631 Ξέρξη
847 2553 956 2630 κομιζο-

156 2638 252 2712 μένων,
281 2641 399 2699 ἐνθαῦτα
428 2645 455 2703 ἐς
487 2640 569 2716 δεῖμα
594 2639 718 2699 πεσόντα
743 2639 794 2699 τόν
819 2641 955 2716 βασιλέα,
1028 2697 1034 2710 ,

158 2724 282 2802 εἴρεσθαι
298 2727 434 2802 βώσαντα
451 2727 500 2788 τόν
521 2727 700 2804 κυβερνήτεω,
718 2726 801 2792 εἴτις
819 2728 884 2788 ἐστί
900 2734 957 2804 σφι

157 2815 289 2891 σωτηρίη,
304 2815 350 2872 καὶ
367 2814 417 2874 τόν
433 2841 518 2873 επαι·
538 2826 556 2850 “
567 2815 699 2884 δέσποτα,
719 2813 769 2874 οὐκ
787 2816 864 2875 ἔστιν
881 2814 955 2874 οὐδε-

156 2902 216 2977 μία,
229 2899 264 2977 ήν
276 2901 316 2978 μή
326 2902 430 2961 τούτων
440 2901 595 2984 ἀπαλλαγή
604 2928 646 2966 τις
656 2902 769 2983 γένηται
778 2905 832 2962 τῶν
839 2905 957 2961 πολλῶν

158 2987 339 3066 ἐπιβατέων·”
370 2990 415 3048 καὶ
435 2989 539 3068 Ξέρξεα
559 2991 671 3071 λέγεται
691 2989 849 3048 α’κοόσαντα
868 2992 956 3048 ταῦτα

158 3075 242 3136 εἶπαι·
274 3076 395 3154 ’(άνδρες
416 3079 534 3154 Πέρσαι,
556 3082 606 3138 νῦν
631 3101 674 3140 τις
700 3075 847 3146 διαδεξάτω
867 3074 957 3151 ὑμέων

156 3165 297 3238 βασιλέος
312 3165 471 3243 κηδόμενος·
492 3171 522 3226 ἐν
536 3165 602 3244 όμῖν
621 3164 677 3246 γάρ
698 3163 755 3224 οἳκε
774 3161 844 3224 εἶναι
861 3163 924 3240 ἐμοὶ
938 3162 958 3240 ἤ

157 3254 308 3336 σωτηρίη·”
327 3255 378 3317 τόν
389 3257 441 3334 μὲν
452 3258 541 3315 ταῦτα
556 3253 659 3334 λέγειν·
679 3251 744 3315 τούς
756 3250 786 3312 δέ
804 3252 963 3330 προσκυνέ·
