2280 3432
179 117 288 180 80-84]
513 114 666 165 ΟΤΡΑΝῙΑ.
931 117 978 164 251

178 199 234 256 τῶν
264 195 430 276 στρατηγῶν
457 193 506 254 οὐκ
533 195 676 254 ἐπείθοντο
701 193 737 254 τοὶ
764 191 977 274 ἐξαγγελθέντα.

178 282 384 344 Ἀπιστεόντιυν
398 283 427 342 δὲ
439 282 551 353 τούτων,
565 281 615 359 ἦκε
628 282 741 360 τριήρης
754 281 859 359 ἀνδρῶν
872 285 977 360 Τηνίων
986 287 1024 344 82

180 371 393 450 αὐτομολέουσα
419 377 469 448 τῆς
490 370 560 450 ἦρχε
584 371 653 448 οἶνήρ
675 371 826 434 Παναίτιος
849 372 865 432 ὅ
888 375 977 436 Σωσι-

179 459 282 536 μένεος,
296 459 367 538 ἦπερ
386 459 420 536 δή
438 462 520 538 ἔφερε
536 459 589 536 τήν
604 459 742 537 ἀληθηΐην
759 465 865 521 πᾶσαν·
886 460 932 520 διαὶ
948 462 979 520 δέ

178 552 261 608 τοῦτο
274 548 307 608 τδ
326 550 407 630 ἔργον
425 547 622 630 ἐνεγράφησαν
635 547 731 624 Τήνιοι
750 553 779 610 ἐν
792 553 937 626 Δελφοῖσι
951 555 979 614 ἐς

178 635 229 696 τᾶν
241 637 360 713 τρίποδα
373 641 403 696 ἐν
414 641 492 696 τοῖσι
503 637 553 696 τὸν
565 635 716 714 βάρβαρον
730 641 890 698 κατελοῦσι.
926 636 979 698 οὖν

109 797 114 808 ¹
179 722 210 780 δὲ
223 721 261 782 ὦν
273 723 359 800 ταύτῃ
372 728 408 802 τῇ
426 724 471 798 νηῒ
488 727 524 802 τῇ
539 723 762 803 αὐτομολησάσῃ
781 731 808 788 ἐς
822 727 978 804 Σαλαμῖνα,
996 738 1002 746 “

180 809 226 868 καὶ
238 814 274 888 τῇ
282 810 418 886 πρότερον
432 811 473 869 ἐπ’
486 811 666 888 Ἀρτεμίσιον
679 817 715 890 τῇ
728 815 847 892 Λημνίῃ,
863 815 978 891 ἐξεπλη-

180 901 264 974 ροῦτο
280 897 313 957 τὸ
331 899 459 958 ναυτικὸν
473 904 549 958 τοῖσι
564 899 692 975 Ἕλλησι
709 905 736 962 ἐς
752 899 802 962 τοὶς
822 899 979 981 ὄγδοίκοντα
1041 913 1044 920 ’

180 985 227 1042 καὶ
240 985 402 1061 τριηκοσίας
415 989 491 1062 νῆας·
511 986 560 1046 δύο
576 987 631 1068 γιὶρ
649 987 683 1063 δή
698 991 771 1063 νηῶν
787 986 852 1048 τότε
870 989 979 1046 κατέδεε

181 1076 209 1134 ἐς
221 1071 271 1132 τᾶν
284 1071 412 1151 ἀριθμόν.

222 1163 305 1219 Τοῖσι
325 1161 356 1220 δὲ
370 1161 497 1239 Ἕλλησι
518 1163 553 1227 ὥς
573 1161 712 1238 πιστοὶδη
732 1161 768 1222 ταὶ
788 1160 925 1243 λεγόμενα
945 1161 980 1237 ἦν
989 1164 1026 1222 83

181 1251 236 1307 τῶν
257 1250 361 1325 Τηνίων
381 1249 500 1327 ῥήματα,
521 1249 760 1328 παρεσκευάζοντο
784 1249 819 1312 ὥς
839 1249 979 1328 ναυμαχή-

182 1361 289 1400 σοντες·
330 1337 385 1413 ήῶς
410 1364 441 1398 τε
467 1339 598 1415 διέφαινε,
626 1338 671 1397 καὶ
702 1337 728 1396 οἳ
755 1337 900 1418 σύλλογον
925 1341 980 1397 τῶν

183 1426 338 1500 ἐπιβατέων
358 1425 551 1503 ποιησάμενοι,
569 1425 741 1506 προηγόρευε
759 1423 788 1484 εδ
810 1426 910 1503 έχοντα
928 1427 980 1501 μὲν

183 1517 213 1570 ἐκ
237 1511 346 1574 πάντων
369 1514 587 1591 Θεμιστοκλέης·
620 1513 656 1574 τοὶ
680 1513 710 1572 δέ
734 1515 800 1572 ἐπεσ
824 1511 867 1589 ἦν,
889 1513 980 1572 πάντα

183 1601 294 1678 κρέσσω
326 1606 402 1662 τοῖσι
427 1601 537 1679 ἥσσοσι
569 1601 768 1680 ἀντιτιθέμενα.
787 1638 789 1642 ·
810 1599 866 1661 ὅσα
896 1601 925 1660 δέ
952 1606 981 1660 ἐν

183 1687 327 1767 α’νθροίπου
342 1690 415 1768 φύσι
428 1693 475 1751 καὶ
489 1690 647 1752 καταστάσι
660 1692 797 1772 ἐγγίνεται
810 1690 981 1767 παραινέσας

183 1776 225 1852 δὴ,
238 1778 342 1838 τούτων
358 1779 395 1838 τιέ
414 1780 525 1856 κρέσσω
546 1780 697 1856 αἱρέεσθαι.
739 1779 785 1836 καὶ
806 1777 981 1846 καταπλέξας

182 1863 234 1938 τήν
247 1867 339 1940 ῥῆσιν,
354 1867 495 1941 ἐσβαίνειν
509 1867 617 1924 ἐκέλευε
631 1872 658 1927 ἐς
671 1865 721 1928 τοὶς
734 1869 811 1940 νῆας.
846 1867 892 1923 καὶ
905 1862 980 1924 οὗτοι
1044 1923 1048 1930 ,

182 1953 235 2027 μὲν
248 1951 281 2024 δή
295 1951 452 2026 ἐσέβαινον,
472 1952 518 2009 καὶ
535 1949 585 2026 ἧκε
602 1951 621 2024 ἡ
640 1950 686 2008 ἀπ’
703 1953 818 2031 Αἰγίνης
833 1951 946 2027 τριήρης
962 1951 982 2027 ἢ
1008 1970 1012 1978 ’

184 2035 254 2096 κατὰ
266 2037 331 2100 τούς
344 2037 476 2100 Αἰακίδας
489 2037 662 2112 ἀπεδήμησε·
684 2037 802 2096 ἐνθαῦτα
815 2036 920 2117 α’νῆγον
932 2037 982 2101 τοὶς

183 2130 251 2200 νῆας
270 2123 384 2186 ἁπάσας
404 2127 431 2183 οἱ
445 2123 593 2200 Ἕλληνες.
633 2123 848 2205 Ἀναγομένσισι
871 2124 903 2183 δέ
925 2127 1029 2201 σφι84

183 2211 282 2274 αὐτίκα
309 2212 441 2273 ἐπεκέατο
468 2214 495 2270 οἱ
520 2212 676 2290 βάρβαροι·
703 2216 730 2272 σί
755 2215 807 2289 μὲν
834 2211 868 2287 δή
895 2211 980 2272 ἄλλοι

178 2298 317 2378 Ἕλληνες
330 2300 376 2360 ἐπὶ
390 2300 518 2378 πρύμνην
531 2299 710 2378 ἀνεκρούοντο
731 2302 777 2360 καὶ
793 2300 917 2362 ὤκελλον
932 2301 983 2366 ταὶς

183 2393 258 2466 νῆας,
290 2389 430 2467 Ἀμεινίης
457 2389 486 2447 δέ
513 2387 688 2465 Παλληνεῦς,
722 2387 791 2465 ἀνήρ
826 2389 981 2467 Ἀθηναῖος,

183 2477 342 2554 ἐξαναχθεὶς
355 2477 400 2553 νηί·
414 2475 564 2554 ἐμβάλλει·
586 2477 800 2554 συμπλακείσης
813 2476 843 2536 δέ
855 2483 906 2554 τῆς
918 2479 982 2554 νηδς

184 2565 230 2622 καὶ
246 2564 278 2622 οὐ
299 2565 454 2642 δυναμένων
473 2564 681 2646 ἀπαλλαγῆναι,
703 2564 774 2624 οὕτω
794 2565 828 2641 δὴ
850 2569 877 2625 οἱ
896 2563 982 2626 ἄλλοι

182 2647 308 2730 Ἀμεινίῃ
339 2653 506 2728 βοηθέοντες
540 2655 719 2734 συνέμισγον·
759 2651 904 2729 Ἀθηναῖοι
932 2656 982 2730 μέν

184 2736 255 2796 οὕτω
280 2738 398 2818 λέγουσι
418 2745 468 2817 τῆς
487 2742 640 2820 ναυμαχίης
659 2741 793 2822 γενέσθαι
812 2740 864 2816 τὴν
884 2741 981 2820 ἀρχὴν,

183 2827 331 2904 Αἰγινῆται
344 2827 438 2902 δὲτὴν
451 2827 521 2888 κατοὶ
533 2827 599 2891 τούς
608 2829 739 2890 Αἰακίδας
752 2827 981 2904 ἀποδημήσασαν

184 2915 211 2975 ἐς
231 2911 357 2991 Αἴγιναν,
377 2913 479 2990 ταύτην
500 2915 568 2975 εἶναι
588 2915 640 2991 τήν
661 2913 797 2991 ἄρξασαν·
821 2916 934 2996 λέγεται
954 2916 983 2975 δέ

184 3000 231 3058 καὶ
243 2999 317 3069 τάδε,
331 3000 367 3064 ὥς
380 3001 484 3079 φάσμα
500 3008 556 3078 σφι
572 3002 702 3083 γυναικδς
717 3001 817 3078 ἐφάνη·
844 3007 983 3077 φανεῖσαν

184 3089 214 3147 δὲ
230 3087 467 3150 διακελεύσασθαι
483 3089 556 3150 ὥστε
575 3092 620 3149 καὶ
640 3089 715 3150 ἅπαν
735 3088 855 3150 α’κοῦσαι
875 3090 908 3149 τό
929 3094 983 3150 τῶν

182 3175 328 3252 Ἑλλήνων
346 3176 545 3256 στρατόπεδον,
560 3177 739 3240 ὀνειδίσασαν
756 3177 892 3256 πρότερον
907 3176 983 3237 τάδε·

184 3263 228 3326 “ὧ
238 3265 384 3343 δαιμόνιοι,
391 3268 476 3346 μέχρι
486 3265 573 3326 κόσου
582 3268 622 3327 ἐτι
630 3265 758 3344 πρύμνην
765 3265 953 3344 ἀνακρούεσθε
959 3263 983 3334 ;”
