2204 3430
222 71 336 137 ιιι-ω]
578 69 691 122 nmo.
995 68 1027 120 τε

224 153 297 217 ὅσας
322 149 357 213 ἂν
381 151 519 216 πλείστας
545 150 672 212 δύναιντο
699 149 946 227 καταστρέφεσθαι
971 152 1026 210 τῶν

224 240 398 317 Ἐλληνίδων
421 239 536 310 πολίων,
556 243 640 299 τοῦτο
661 239 713 317 μὲν
730 237 764 314 δή
780 241 849 316 τῇσι
866 237 950 313 νηυσὶ
971 244 1027 296 Θα-

225 328 307 392 σίους
330 327 394 387 οὐδὲ
417 330 513 406 χεῖρας
537 325 765 404 ἀνταειραμένους
789 326 1038 404 καταστρέψαντοῗ

224 419 309 476 τοῦτο
329 416 360 475 δὲ
376 419 415 494 τῷ
432 416 505 493 πεζῷ
518 413 682 477 Μακεδόνας
694 413 765 492 πρός
777 417 855 474 τοῖσι
867 413 1027 493 ύπάρχουσι

225 503 345 572 δούλους
364 501 606 579 προσεκτήσαντο·
630 501 667 562 ταὶ
683 501 740 584 γάρ
762 501 839 565 ε’ντός
859 501 1027 562 Μακεδόνων

226 591 305 652 ἔθνεα
326 590 419 650 πάντα
440 595 497 666 σφι
519 588 555 665 ἦν
575 589 629 666 ἤδη
644 589 792 669 ύποχείρια
810 589 953 672 γεγονότα.
997 593 1028 649 ἐκ

224 678 277 756 μὲν
293 675 440 753 δῆΘάσου
460 676 646 754 διαβαλόντες
666 678 761 755 πέρην,
774 677 830 738 ύπδ
847 677 899 753 τὴν
912 676 1028 754 ἤπειρον

226 765 388 842 ἐκομίζοντο
407 765 492 850 μέχρι
508 763 655 826 Ἀκάνθου·
677 771 707 824 ε’κ
728 765 757 824 δὲ
769 765 907 826 Ἀκάνθου
924 764 1027 842 όρμειί·

224 877 314 930 μενοι,
337 851 387 914 τόν
406 851 501 912 Ἀθων
524 852 726 928 περιέβαλλον·
754 853 894 912 έπιπεσολν
918 853 949 911 δέ
972 858 1028 928 σφι

226 939 412 1017 περιπλέουσι
435 941 527 1017 βορῆς
553 939 653 1016 ἄνεμος
675 940 763 1020 μέγας
785 964 817 1000 τε
844 939 891 998 καὶ
914 937 1027 1016 άπορος,

227 1027 316 1104 κάρτα
336 1027 457 1107 τρηχέως
475 1027 611 1105 περιέσπε
632 1025 736 1103 πλήθεϊ
757 1025 868 1089 πολλάς
887 1029 943 1086 τῶν
960 1031 1029 1086 νεῶν

228 1115 380 1194 ἐκβάλλων
397 1114 467 1193 πρός
486 1115 536 1176 τόν
548 1113 652 1188 Ἀθων·
673 1115 786 1196 λέγεται
797 1113 853 1196 γάρ
867 1112 938 1173 κατά
952 1139 1027 1190 τριη-

228 1203 327 1266 κοσίας
346 1204 398 1279 μὲν
415 1207 470 1264 τῷν
491 1208 560 1264 νεῷν
576 1203 626 1267 τάς
645 1202 849 1280 διαφθαρείσας
867 1201 945 1270 εἶναι,
958 1199 1028 1278 ύπὲρ

228 1290 259 1350 δὲ
272 1288 322 1349 δύο
334 1290 468 1367 μυριάδας
481 1290 640 1369 ἀνθρώπων.
681 1289 755 1351 ὥστε
772 1288 827 1372 γάρ
844 1287 1028 1368 θηριωδεστά-

227 1401 278 1488 της
291 1376 391 1488 ἐούσης
403 1382 454 1454 τῆς
467 1378 618 1456 θαλάσσης
626 1377 728 1456 ταύτης
737 1381 788 1455 τῆς
800 1378 865 1456 περὶ
877 1375 1029 1438 τὸνἈθων

228 1491 257 1524 οι
268 1490 320 1542 μεν
332 1491 387 1525 υττο
400 1491 454 1526 των
467 1467 569 1544 θηρίων
587 1467 778 1545 διεφθείροντο
791 1464 987 1544 ἁρπαζόμενοι,
1002 1467 1029 1524 οἶ

229 1551 260 1611 δὲ
272 1551 343 1630 πρός
355 1553 405 1617 τάς
417 1555 521 1632 πέτρας
539 1553 740 1632 ἀρασσόμενοι,
755 1557 781 1614 οἱ
802 1555 831 1614 δὲ
851 1554 941 1614 αὐτῶν
959 1553 1029 1613 νέειν

229 1637 280 1698 ούκ
302 1640 459 1714 ἐπιστέατο,
480 1641 526 1701 καὶ
544 1642 614 1712 κατά
635 1645 719 1703 τοῦτο
738 1642 938 1720 διεφθείροντο,
953 1643 979 1700 οἱ
1000 1641 1029 1699 δὲ

228 1726 310 1808 ῥίγεϊ.
352 1727 369 1790 ό
390 1731 442 1805 μὲν
459 1729 493 1805 δῷ
512 1729 638 1792 ναυτικάς
659 1728 781 1808 στρατός
800 1729 870 1790 οὕτω
893 1729 1029 1806 ἔπρησσε.

229 1817 380 1896 Μαρδονίῳ
394 1817 424 1876 δὲ
437 1817 483 1876 καὶ
495 1821 534 1896 τῷ
546 1818 619 1896 πεζῷ
631 1817 909 1895 στρατοπεδευομένῳ
924 1821 952 1876 ἓν
965 1822 1028 1875 Μα-
1038 1819 1076 1876 45

230 1905 339 1983 κεδονίῃ
363 1901 460 1966 νυκτός
486 1904 592 1982 Βρύγοι
614 1903 732 1980 Θρήϊκες
758 1904 953 1982 ἐπεχείρησαν·
982 1904 1030 1962 καί

229 1998 328 2068 σφεων
344 1989 472 2060 πολλοὺς
485 1987 637 2064 φονεύουσι
655 1993 681 2049 οἱ
694 1989 808 2070 Βρύγοι,
821 1989 983 2066 Μαρδόνιον
1001 1991 1031 2048 δὲ

230 2076 317 2137 αὐτόν
329 2076 542 2153 τρωματίζουσι.
583 2076 616 2136 ού
636 2077 732 2153 μέντοι
753 2076 815 2136 οὐδὲ
836 2076 916 2136 αὐτοὶ
934 2076 1031 2136 δουλο-

230 2163 320 2242 σύνην
337 2164 470 2244 διέφυγον
484 2163 554 2242 πρός
567 2165 710 2243 Περσέων·
731 2163 764 2225 ού
777 2164 834 2247 γάρ
847 2165 881 2242 δὴ
895 2164 1031 2244 πρότερον

230 2253 377 2331 ἀπανέστη
398 2257 429 2313 ἐκ
448 2256 505 2315 τῷν
522 2254 632 2334 χωρέων
649 2255 767 2316 τουτέων
785 2254 951 2332 Μαρδόνιος,
965 2255 1031 2333 πρὶν

230 2341 250 2418 ἦ
273 2349 366 2420 σφεας
391 2341 566 2424 ύποχειρίους
592 2341 755 2418 ἐποιήσατο.
795 2343 909 2408 τούτους
935 2344 1031 2422 μέντοι

232 2430 495 2512 καταστρεψάμενος
518 2431 610 2512 οἷπῆγε
629 2430 682 2507 τὴν
702 2431 837 2510 στρατιὴν
857 2431 958 2504 ὀπίσω,
980 2429 1029 2492 ἅτε

231 2521 271 2596 τῷ
293 2520 366 2598 πεζῷ
385 2545 417 2581 τε
438 2520 637 2598 προσπταίσας
658 2519 728 2596 πρός
748 2519 814 2584 τούς
834 2519 961 2600 Βρύγους
985 2520 1031 2578 καὶ

230 2608 270 2684 τῷ
283 2611 399 2686 ναυτικῷ
412 2607 542 2689 μεγάλως
561 2606 625 2684 περὶ
634 2604 738 2668 Ἄθων.
779 2605 860 2671 οὗτος
879 2609 931 2686 μέν
947 2633 995 2668 νυν
1015 2606 1031 2667 ὁ

231 2691 338 2756 στόλος
358 2698 482 2774 αἰσχρῶς
501 2693 708 2776 ἀγωνισάμενος
728 2692 903 2774 ἀπαλλάχθη
925 2699 953 2759 ἐς
976 2694 1030 2772 τήν

230 2779 343 2855 Ἀσίην.

274 2868 400 2946 Δευτέρῳ
414 2868 444 2928 δὲ
457 2870 511 2930 έτεῖ
523 2868 627 2930 τούτων
637 2868 653 2929 ά
665 2872 791 2948 Δαρεῖος,
801 2872 898 2947 πρῶτα
911 2871 962 2947 μὲν
975 2873 1029 2928 Θα-
1038 2867 1078 2930 46

231 2957 313 3020 σίους
328 2955 532 3033 διαβληθέντας
544 2956 600 3017 ύπδ
612 2959 669 3018 τῷν
689 2956 891 3038 ἀστυγειτόνων
910 2955 946 3016 ὥς
964 2953 1031 3012 ἀπύ-

232 3070 338 3107 οτασιν
350 3043 532 3124 μηχανοίατο,
546 3045 660 3123 πέμψας
678 3043 801 3126 ἄγγελον
817 3041 927 3100 ἐκέλευέ
939 3045 1032 3114 σφεας

231 3134 266 3197 τό
283 3137 376 3216 τεῖχος
393 3133 558 3211 περιαιρέειν
567 3133 622 3200 Ικαὶ
635 3131 685 3194 τοὶς
698 3132 760 3194 νέας
773 3136 801 3192 ἐς
809 3127 942 3202 ’Ἄβδηρα
956 3125 1023 3199 κομί

232 3223 295 3295 ζειν.
339 3225 366 3285 οἱ
386 3221 443 3306 γάρ
464 3219 499 3298 δὴ
515 3218 627 3288 Θάσιοι,
645 3217 691 3277 οἷα
708 3215 763 3276 ύπδ
781 3213 916 3274 Ἱστιαίου
933 3235 965 3270 τε
981 3235 1000 3270 τ
