2280 3432
149 103 256 167 ιιι-ιο]
467 99 621 148 οτνκαῑκ.
901 98 948 150 237

151 176 245 261 κρίτου
263 179 447 250 σπεύσαντος,
469 177 567 257 άνδρός
587 182 642 240 τῶν
658 176 751 238 αἷστῶν
771 177 885 254 δοκίμου
904 177 951 236 καὶ

148 271 214 332 τότε
236 269 475 350 τριηραρχέοντος.
516 267 620 338 Νάξιοι
644 267 675 326 δέ
696 270 751 326 εἰσι
771 263 872 337 Ἴωνες,
901 262 950 323 ἀπ’

149 357 288 436 Ἀθηνέων
307 357 461 440 γεγονότες,
503 357 619 434 Στυρέες
639 356 669 415 δὲ
685 355 736 418 τάς
751 352 835 416 αύτάς
855 351 948 429 παρεί-

149 472 235 525 χοντο
251 445 384 524 νήας·ταίς
397 445 443 504 καί
456 443 497 504 ἐπ’
510 443 687 524 Ἀρτεμισίῳ,
702 442 820 503 Κύθνιοι
838 442 868 500 δέ
882 441 950 518 μίαν

151 535 197 594 καὶ
206 534 430 611 πεντηκόντερον·
449 533 538 596 ἐόντες
548 530 757 609 συναμφότεροι
771 527 847 589 οὗτοι
861 528 950 606 Δρύο-

150 647 209 685 πες·
231 624 277 682 καὶ
291 622 422 698 Σερίφιοί
432 647 463 680 τε
477 622 523 679 καὶ
537 621 649 696 Σίφνιοι
664 619 710 677 καὶ
723 618 833 694 Μήλιοι
852 624 950 695 ἐστρα-

150 709 272 768 τεύοντο·
294 707 371 768 οὗτοι
383 708 438 788 γάρ
453 707 502 767 ούκ
517 707 617 767 ἔδοσαν
629 711 727 784 μοῦνοι
745 707 900 782 νησιωτέων
912 709 951 785 τῷ

151 795 291 874 βαρβάρῳ
304 800 358 876 γῆν
370 821 401 854 τε
414 796 460 854 καὶ
473 795 554 872 ὕδωρ.
585 791 671 852 Οὗτοι
681 796 732 868 μὲν
742 793 860 858 ἅπαντες
874 794 950 858 ἐντός
958 793 996 854 47

151 883 291 959 οἰκημένοι
311 885 486 958 Θεσπρωτῶν
510 881 555 940 καὶ
574 879 738 958 Ἀχέροντος
758 886 886 958 ποταμοῦ
905 888 951 942 ἐσ-

150 970 324 1046 τρατεύοντο·
351 969 515 1046 Θεσπρωτοὶ
534 967 589 1048 γάρ
610 971 665 1027 εἰσι
685 967 864 1045 ὁμουρέοντες
882 969 950 1045 Ἀμ-

151 1057 326 1135 πρακιώτῃσι
342 1057 387 1114 καὶ
405 1055 585 1115 Λευκαδίοισι
599 1055 625 1116 οἳ
639 1056 670 1125 ἐξ
686 1057 826 1134 ἐσχατέων
841 1057 951 1135 χωρέων

153 1135 359 1222 ἐστρατεύοντο.
388 1148 443 1204 τῶν
456 1145 485 1202 δὲ
496 1143 574 1207 ἐκτός
587 1142 690 1204 τούτων
705 1145 862 1220 οἰκημένων,
877 1150 950 1220 Κρο-

152 1226 280 1307 τωνιῆται
296 1237 394 1309 μοῦνοι
409 1231 484 1307 ἦσαν
503 1231 530 1289 οἰ
548 1230 698 1306 ε’βῶθησαν
714 1235 751 1310 τῇ
764 1230 882 1290 Ἑλλάδι
897 1257 951 1290 mv*

153 1319 310 1399 δυνευούση,
326 1320 370 1396 νηῒ
385 1324 445 1398 μιῇ,
463 1322 513 1394 τῆς
530 1317 600 1397 ἦρχε
618 1317 688 1395 ἀνήρ
705 1319 764 1396 τρὶς
784 1319 951 1394 πυθιονίκης,

153 1404 292 1470 Φάῦλλος.
328 1411 518 1484 Κροτωνιῆται
538 1407 568 1466 δὲ
587 1407 666 1487 γένος
691 1407 745 1466 εἰσί
767 1406 887 1486 Ἀχαιοί.
915 1407 999 1466 Οἶ48

152 1495 204 1572 μέν
224 1521 272 1556 νυν
291 1493 377 1555 άλλοι
392 1494 519 1572 τριήρεας
536 1494 722 1573 παρεχόμενοι
744 1494 950 1573 ἐστρατεύοντο,

153 1583 262 1659 Μήλιοι
272 1584 309 1654 δὲ,
322 1584 367 1642 καὶ
378 1584 498 1659 Σίφνιοι,
510 1583 556 1642 καὶ
566 1583 701 1659 Σερίφιοι,
711 1583 951 1662 πεντηκοντέρους·

153 1670 262 1747 Μήλιοι
287 1674 347 1750 μὲν,
368 1671 447 1752 γένος
467 1669 557 1734 ἐόντες
577 1670 633 1730 άπὸ
661 1672 875 1748 Λακεδαίμονος,
903 1671 952 1731 δύο

153 1761 328 1838 παρείχοντο·
356 1761 468 1834 Σίφνιοι
486 1759 515 1818 δὲ
533 1759 579 1816 καὶ
597 1759 732 1836 Σερίφιοι,
749 1758 842 1822 Ἴωνες
862 1759 953 1822 ἐόντες
992 1830 994 1836 .

154 1845 200 1904 ἀπ’
213 1845 359 1922 Ἀθηνέων,
373 1848 440 1922 μίαν
457 1846 588 1922 ἑκάτεροι.
625 1845 742 1922 ἀριθμός
762 1847 791 1904 δὲ
812 1846 952 1926 ἐγένετοὸ
989 1923 991 1926 Ι

154 1937 208 1995 πῶς
222 1937 276 1992 τῶν
289 1938 365 2001 νεῶν,
379 1932 469 2008 πάρεξ
483 1935 538 1990 τῶν
553 1933 781 2008 πεντηκοντέρων,
795 1933 952 2008 τριηκόσιαι

156 2020 201 2076 καὶ
211 2019 405 2096 ἑβδομήκοντα
418 2019 464 2076 καὶ
477 2017 558 2076 όκτιύ.

195 2105 244 2170 Ὡς
259 2107 289 2166 δέ
306 2111 332 2170 ἐς
349 2106 401 2182 τήν
419 2107 567 2182 Σαλαμῖνα
589 2105 732 2180 συνῆλθον
752 2107 779 2164 οἰ
800 2107 952 2186 στρατηγοὶ
961 2108 999 2166 49

155 2193 212 2254 α’πδ
230 2199 285 2255 τῶν
302 2195 450 2270 εἰρημένων
466 2193 579 2263 πολίων,
594 2191 788 2267 ἐβουλεύοντο,
801 2193 953 2270 προθέντος

154 2281 334 2361 Εὐρυβιάδεω
349 2282 462 2364 γνώμην
479 2279 687 2356 ἀποφαίνεσθαι
703 2280 753 2340 τδν
768 2279 952 2358 βουλόμενον,

155 2371 221 2432 ὅκου
231 2371 321 2432 δοκέοι
332 2367 548 2446 ἐπιτηδειότατον
561 2368 630 2428 εἶναι
643 2368 798 2447 ναυμαχίην
808 2369 954 2430 ποιέεσθαι

154 2464 209 2522 τῶν
229 2458 308 2518 αύτοὶ
333 2461 443 2537 χωρέων
465 2457 607 2537 ἐγκρατέες
629 2457 692 2516 εἰσί·
720 2455 739 2531 ή
761 2455 816 2537 γάρ
840 2455 953 2533 Ἀττική

155 2545 256 2621 α’φεῖτο
265 2545 326 2621 ήδη,
334 2549 389 2606 τῶν
399 2545 429 2604 δέ
438 2545 558 2604 λοιπέων
568 2546 632 2622 πέρι
641 2545 793 2622 προετίθεε·
809 2547 838 2602 αἱ
846 2547 954 2624 γνῶμαι

156 2632 185 2690 δέ
210 2636 265 2691 τῶν
285 2632 422 2712 λεγόντων
446 2635 475 2691 αἰ
498 2635 631 2691 πλεῖσται
653 2631 860 2702 συνεξέπιπτον,
884 2632 955 2709 πρός

155 2717 204 2778 τόν
216 2717 333 2794 Ἰσθμόν
349 2719 516 2784 πλώσαντας
536 2721 700 2798 ναυμαχέειν
715 2719 771 2796 πρό
791 2724 842 2794 τῆς
862 2723 954 2778 Πελο-

153 2804 308 2881 ποννήσου·
343 2808 517 2887 ἐπιλέγοντες
542 2807 591 2867 τόν
617 2807 705 2887 λόγον
731 2805 818 2879 τόνδε,
851 2805 895 2876 ῶς,
920 2805 955 2882 ἢν

156 2892 303 2968 νικηθέωσι
328 2897 364 2970 τῇ
390 2896 528 2972 ναυμαχίῃ
556 2895 751 2971 ἐν’Σαλαμῖνι
777 2897 829 2970 μὲν
855 2892 953 2963 ἐόντες,

155 2979 393 3057 πολιορκήσονται
411 2985 440 3040 ἐν
460 2980 545 3058 νήσῳ,
563 2981 607 3040 ἰνα
628 2987 683 3056 σφι
703 2981 820 3057 τιμωρίη
841 2979 955 3056 οὐδεμία

156 3066 370 3144 ἐπιφανήσεται·
397 3066 468 3143 πρός
487 3067 517 3126 δέ
536 3071 574 3146 τῷ
590 3067 704 3146 Ἰσθμῷ,
723 3072 751 3130 ἐς
767 3066 832 3130 τούς
850 3069 955 3127 ἑωυτῶν

156 3156 322 3226 ἐξοίσονται.
945 3199 947 3204 ,

165 3247 284 3374 ῘΤαῦτα
301 3245 356 3304 τῶν
374 3239 431 3302 οἷπό
450 3241 672 3318 Πελοποννήσου
687 3245 852 3322 στρατηγῶν
866 3246 955 3302 ἐπιλε-
965 3244 1004 3302 50

180 3327 262 3376 Ῑ.-19
