2204 3430
146 99 256 164 ιιι-ω]
487 101 602 152 mm.
686 127 716 173 ,
762 85 765 92 ’
913 103 942 150 ιι

146 180 232 243 οἷυτός
246 181 291 238 καὶ
304 182 381 241 τοῖσι
394 172 573 258 βαρβάροισι
586 182 662 240 τοῖσι
681 183 710 240 έν
724 181 761 259 τῇ
775 177 870 258 Ἀσίῃ·
891 181 946 240 τῶν

144 268 201 348 γάρ
216 266 252 327 ὧν
265 267 422 344 βαρβάρων
436 271 462 326 οἱ
475 271 592 331 πλεῦνες
611 270 649 345 τῷ
670 266 743 346 αύτῷ
758 266 833 346 νόμῳ
845 267 945 346 χρέων-

145 381 193 416 ται
215 356 285 415 κατοὶ
305 355 370 419 τούς
390 354 524 420 θανάτους
544 359 600 417 τῶν
617 355 772 431 βασιλέων·
791 355 873 414 ε’τεοὶν
889 355 945 436 γὰρ

146 442 274 522 άποθάνῃ
288 442 429 520 βασιλεύς
438 442 670 520 Λακεδαιμονίων,
685 447 715 502 ἐκ
728 441 822 519 πάσης
835 443 877 502 δεῖ
888 450 945 503 Λα-

147 531 316 608 κεδαίμονος,
329 531 413 610 χωρὶς
427 532 630 608 Σπαρτιητέων,
644 529 751 610 ἀριθμῷ
767 535 822 591 τῶν
842 533 945 608 περιοί-

147 645 201 679 κων
214 617 407 702 ἀναγκαστοὺς
420 623 447 682 ές
459 619 493 679 τδ
507 619 589 695 κῆδος
603 619 680 680 ἰέναι.
720 618 824 680 τούτων
844 617 880 679 ὧν
899 620 946 680 καὶ

145 711 201 766 τῶν
222 707 354 766 εἱλωτέων
377 706 423 765 καὶ
443 705 532 766 αὐτῶν
554 706 749 784 Σπαρτιητέων
771 706 854 766 ε’πεοὶν
876 711 945 766 συλ-

146 795 287 873 λεχθέωσι
308 798 335 858 ἐς
352 793 440 854 τάυτδ
457 793 566 854 πολλαὶ
583 793 714 872 χιλιάδες,
732 793 861 875 σύμμιγα
877 798 945 873 τῇσι

145 881 256 961 γυναιξὶ
275 880 426 942 κόπτονταί
441 907 472 941 τε
492 880 527 940 τά
545 880 660 956 μέτωπα
676 878 824 956 προθύμως
844 879 888 937 καὶ
907 885 945 941 οἷ-

145 971 231 1079 μωγῇ
250 968 428 1048 διαχρέωνται
452 968 573 1046 ἀπλέτῳ·
601 966 722 1043 φάμενοι
747 965 797 1025 τδν
823 966 945 1029 ὕστατον

147 1056 201 1114 αἰεὶ
213 1054 418 1138 α’πογενόμενον
429 1059 484 1118 τῶν
496 1055 642 1133 βασιλέων
654 1057 753 1114 τοῦτον
767 1053 800 1129 δη
814 1055 945 1135 γενέσθαι

147 1140 272 1220 ἄριστον.
294 1143 327 1206 δς
340 1143 390 1203 δ
374 1171 407 1204 αν
418 1150 447 1204 ἐν
459 1145 622 1222 πολέμω
584 1167 639 1202 των
651 1141 797 1254 βασιλέων
807 1140 943 1221 άποθάνη,

146 1229 234 1310 τούτῳ
248 1231 277 1290 δὲ
291 1233 403 1292 ειδωλον
416 1231 603 1294 σκευάσαντες
614 1235 642 1289 έν
652 1228 774 1308 κλίνη”
746 1255 775 1288 ευ
785 1232 945 1342 ἐστρωμένῃ

148 1319 343 1394 ἐκφέρουσι·’
330 1345 413 1379 επεαν
434 1320 464 1378 δὲ
485 1317 643 1397 θάψωσι,’
625 1343 714 1399 αγορη
706 1317 841 1377 δέκα
822 1321 945 1395 ημερέων

148 1403 198 1464 ούκ
213 1406 326 1466 ἵσταταί
337 1413 392 1483 σφι
407 1405 462 1466 οὐδ’
477 1405 642 1486 α’ρχαιρεσίη
658 1406 770 1476 συνίζει,
785 1405 862 1465 α’λλά
878 1433 941 1467 πεν·

148 1492 245 1552 θέουσι
262 1493 362 1557 ταύτας
379 1494 429 1557 τὰς
446 1494 559 1572 ἡμέρας.
602 1493 798 1571 Συμφέρονται
819 1493 847 1552 δὲ
870 1492 944 1554 ἄλλο
952 1498 991 1555 59

146 1580 211 1639 τόδε
228 1585 304 1641 τοῖσι
322 1583 464 1661 Πέρσησι.
506 1582 591 1642 ἐπεάν
611 1579 800 1645 α’ποθανόντος
820 1586 870 1642 τοῦ
888 1584 941 1658 βα-

147 1668 243 1732 σιλέος
269 1668 357 1733 ἄλλος
381 1672 522 1746 ε’νίστηται
545 1668 692 1746 βασιλεύς,
718 1666 798 1732 οὗτος
822 1669 837 1729 ὁ
862 1669 945 1731 ε’σιολν

148 1757 289 1835 ἐλευθεροῖ
310 1758 387 1820 ὅστις
407 1783 435 1817 τι
454 1758 648 1834 Σπαρτιητέων
667 1760 705 1833 τῷ
728 1758 849 1831 βασιλέϊ
868 1757 887 1834 ἢ
906 1763 945 1838 τῷ

143 1843 272 1923 ιδημοσίιρ
287 1843 399 1918 ὤφειλε·
421 1850 449 1904 έν
467 1844 490 1903 δ’
507 1844 540 1902 αὖ
555 1845 687 1921 Πέρσῃσι
708 1843 724 1902 ὁ
746 1845 945 1921 κατιστάμενος
971 1855 973 1862 ’

145 1931 285 2007 βασιλεύς
297 1931 346 1990 τόν
359 1930 621 2007 προσοφειλόμενον
636 1929 725 2004 φόρον
735 1931 822 2005 μετίει
832 1931 944 2008 πάοησι

145 2021 215 2094 τῇσι
227 2016 337 2076 πόλισι.
375 2019 572 2093 Συμφέρονται
585 2016 614 2074 δὲ
628 2015 674 2074 καὶ
686 2015 752 2074 τάδε
765 2019 945 2096 Αἰγυπτίοισι
954 2024 991 2081 60

145 2103 369 2180 Λακεδαιμόνιοι·
391 2107 418 2163 οἱ
439 2103 552 2180 κη’ρυκες
574 2102 663 2162 αὐτῶν
687 2102 733 2160 καὶ
757 2103 875 2179 αὐληταὶ
900 2108 945 2165 καὶ

144 2191 275 2273 μάγειροι
288 2193 443 2254 ἐκδέκονται
456 2192 506 2255 τάς
519 2191 658 2268 πατρωίας
675 2191 782 2270 τέχνας,
797 2193 843 2251 καὶ
861 2193 944 2272 αύλη-

144 2279 195 2354 τής
207 2305 238 2340 τε
252 2280 376 2358 αὐλητέω
393 2282 507 2364 γίνεται,
522 2280 568 2338 καὶ
587 2279 720 2360 μάγειρος
734 2282 877 2360 μαγείρου,
897 2284 942 2342 καὶ

146 2365 234 2443 κη’ρυξ
254 2369 379 2447 κήρυκος·
402 2369 433 2430 ού
456 2367 526 2428 κατά
544 2369 766 2445 λαμπροφωνίην
788 2372 943 2447 ἐπιθέμενοι

145 2453 231 2514 ἄλλοι
253 2460 344 2533 σφέας
365 2457 581 2536 παρακληίουσι,
602 2454 680 2514 ἀλλὰ
697 2455 767 2515 κατά
785 2457 821 2516 τά
841 2458 944 2535 πάτρια

145 2545 330 2606 ἐπιτελέουσι.
370 2551 458 2608 ταῦτα
471 2548 522 2622 μὲν
536 2544 570 2620 δι)
584 2543 654 2621 οὕτω
666 2545 781 2624 γίνεται.

185 2631 255 2694 Τότε
277 2634 306 2693 δὲ
326 2634 376 2696 τόν
390 2635 561 2710 Κλεομένεα,
578 2631 658 2692 ε’όντα
680 2636 708 2690 έν
728 2635 764 2708 τῇ
777 2631 877 2736 Αἰγίνῃ
896 2633 941 2691 καὶ
954 2635 988 2691 61

145 2719 223 2778 κοινα
239 2725 275 2799 τῇ
287 2721 406 2782 Ελλάδι
424 2720 517 2802 α’γαθα
531 2717 832 2800 τιροσεργαζόμινον,ι
816 2745 832 2776 ο
847 2719 944 2796 Δημά-

143 2830 228 2882 ρητος
247 2807 422 2884 διέβαλε,’
389 2836 439 2869 ουκ
446 2808 625 2918 Αἰγινητέων
647 2805 717 2866 οὕτω
739 2805 931 2882 κηδόμενος
910 2833 945 2869 ως

145 2893 241 2972 φθόνῳ
255 2897 300 2954 καὶ
314 2895 368 2976 ἄγη
382 2923 545 2976 χρεωμενος.
584 2894 747 2970 Κλεομένης
760 2893 790 2950 δὲ
803 2893 945 2966 νοστήσας

136 2978 192 3038 ’ἀπ’
212 2984 325 3062 Αἰγίνης
348 2984 533 3060 ἐβούλευε
501 3011 551 3044 τον
573 2980 743 3058 Δημάρητον
763 2983 872 3036 παῦσαι
889 3003 943 3082 της

144 3068 310 3147 βασιληιης,
329 3071 375 3130 διοὶ
395 3075 512 3152 πρῆγμα
532 3070 639 3131 τοιόνδε
662 3067 830 3140 ε’πίβασιν’
818 3088 845 3122 ες
863 3060 946 3118 οὔτᾶν
998 3135 1002 3142 ,

144 3157 315 3235 ποιεύμενος·
335 3159 484 3267 Ἀρίστωνι
505 3155 722 3235 βασιλεύοντι’
711 3176 739 3208 εν
761 3147 876 3222 Σπάρτῃ
899 3147 945 3204 καὶ

144 3241 266 3328 ῪθΜΥΝ
284 3252 417 3328 γῚΝαῖκας
437 3245 487 3306 δύο
507 3244 603 3306 παῖδες
621 3237 671 3302 ούκ
691 3235 823 3316 ἐγίνοντο·
846 3231 891 3289 καὶ
913 3228 944 3291 οὖ
