2204 3430
166 131 196 178 ιι
466 128 649 178 Ἧνοιοτου
918 131 965 196 [υ.

163 235 209 271 τες
226 207 345 286 ἐχούσης
359 213 386 271 ἐς
398 207 571 284 Ἀθηναίους,
585 206 650 267 τότε
663 207 796 282 Θηβαίων
817 206 969 283 δεηθέντων

166 295 292 371 πόλεμον
306 295 460 372 ἀκήρυκτον
472 295 649 372 Ἀθηναίοισι
664 296 809 370 ἐπέφερον·
833 300 966 373 ἐπικειμέ-

164 410 217 444 νων
238 383 292 464 γάρ
316 383 404 444 αι’τῶν
425 389 583 455 Βοιωτοῖσι,
607 382 817 446 ἐπιπλώσαντες
840 389 967 462 μακρῇσι

164 472 247 547 νηυσὶ
269 477 295 534 ἐς
316 472 367 547 τὴν
385 473 522 548 Ἀττικήν,
544 473 614 532 κατά
635 475 686 550 μὲν
707 473 807 548 ἔσυραν
825 472 966 550 Φάληρον,

165 559 235 618 κατὰ
249 560 278 618 δέ
292 565 341 634 τῆς
358 559 449 638 ἄλλης
463 561 604 638 παραλίης
624 560 751 623 πολλοὺς
770 560 883 636 δήμους·
904 587 966 620 ποι-

164 651 254 710 εῦντες
268 647 404 722 δὲταῦτα,
421 649 550 730 μεγάλως
562 648 726 725 Ἀθηναίους
741 648 877 708 ἐσίνοντο.

117 737 155 794 82
205 735 288 794 Ἠδέ
310 737 395 826 ἔχθρη
416 736 434 812 ἦ
455 739 683 814 προοφειλομένη
704 742 730 799 ἐς
750 734 915 812 Ἀθηναίους
936 743 966 796 ἐκ

165 828 220 883 τῶν
234 825 409 904 Αἰγινητέων,
425 827 533 907 ἐγένετο
547 825 578 894 ἐξ
591 825 679 904 ἀρχῆς
691 824 816 900 τοιῆσδε·
836 824 964 884 Ἐπιδαυ-

164 912 252 988 ρίοισι
272 911 291 988 ἦ
311 917 349 994 γῆ
371 913 479 992 καρπδν
494 913 590 973 οὖδένα
604 912 738 973 άνεδίδου.
780 913 843 990 περὶ
864 912 966 990 ταύτης

164 998 201 1059 ὦν
221 1005 271 1077 τῆς
290 1007 441 1079 συμφορῆς
462 1005 488 1061 οἱ
501 1001 674 1076 Ἐπιδαύριοι
695 1002 830 1080 ἐχρέωντο
850 1005 879 1060 ἐν
893 1005 965 1060 Δελ-

166 1093 258 1164 φοῖσι·
279 1091 298 1168 η’
321 1091 350 1150 δὲ
372 1091 466 1166 Πυθίη
488 1093 580 1166 σφέας
603 1091 711 1148 ἐκέλευε
733 1091 843 1166 Δαμίης
866 1115 897 1148 τε
919 1091 965 1148 καὶ

163 1176 305 1255 Αὐξησίης
319 1177 471 1259 ἀγάλματα
493 1178 669 1254 ἱδρύσασθαι,
685 1178 733 1236 καί
747 1184 803 1252 σφι
818 1177 965 1254 ἱδρυσαμέ-

163 1289 238 1323 νοισι
255 1265 368 1343 ἄμεινον
389 1266 583 1325 συνοίσεσθαι·
605 1265 767 1342 ἐπειρώτεον
789 1263 825 1324 ὧν
845 1268 872 1324 οἱ
887 1265 965 1325 Ἐπι·

166 1351 272 1429 δαῦριοι
298 1352 398 1430 κότερα
425 1357 535 1431 χαλκοῦ
558 1354 704 1412 ποιέωνται
728 1352 775 1434 [τά
799 1353 963 1436 ἀγάλματα]

163 1437 182 1513 ἢ
195 1439 287 1499 λίθου·
308 1439 370 1516 ἡδέ
391 1441 484 1516 Πυθίη
503 1440 632 1518 οὐδέτερα
648 1439 752 1500 τούτων
767 1442 805 1514 ἔα,
821 1441 898 1500 α’λλά
920 1443 963 1512 ξυ-

163 1530 216 1584 λου
237 1526 342 1604 ἡμέρης
356 1529 460 1604 ἐλαίης·
482 1529 591 1589 ἐδέοντο
606 1529 642 1589 ὧν
656 1531 683 1588 οἱ
695 1529 868 1606 Ἐπιδαύριοι
881 1529 964 1607 Ἀθη-

163 1615 246 1674 ναίων
273 1617 369 1692 ἐλαίην
393 1623 448 1693 σφι
476 1617 571 1677 δοῦναι
593 1617 742 1694 ταμέσθαι,
769 1617 901 1694 ἱρωτάτας
928 1619 963 1696 δὴ

165 1702 255 1765 κείνας
275 1704 432 1780 νομίζοντες
453 1705 531 1764 εἶναι·
560 1705 674 1785 λέγεται
697 1705 726 1764 δὲ
747 1705 794 1764 καὶ
815 1705 850 1768 οἱς
871 1709 964 1768 ἐλαῖαι

164 1788 239 1864 ἦσαν
260 1789 363 1852 ἄλλοθι
384 1797 436 1872 γῆς
455 1792 579 1871 ου’·δαμοΰ
600 1792 658 1852 κατ’
673 1797 776 1854 ἐκεῖνον
789 1793 838 1854 τὸν
851 1794 962 1873 χρόνον,

163 1875 341 1960 ἢἈθῆνησι·
364 1883 390 1939 οἱ
404 1881 433 1940 δὲ
451 1882 495 1940 ἐπὶ
516 1881 612 1941 τοῖσδε
633 1880 732 1942 δώσειν
753 1883 871 1958 ἔφασαν,
887 1882 964 1964 ἐπ’ᾧ

163 1965 303 2038 ἀπάξουσι
318 1969 391 2033 ἐτεος
404 1969 524 2030 ἑκάστου
537 1973 574 2049 τῇ
586 1969 720 2047 Ἀθηναίῃ
733 1974 769 2047 τῇ
780 1970 902 2030 Πολιάδι
917 1973 963 2050 ἱρά

163 2056 208 2114 καὶ
229 2061 267 2136 τῷ
286 2056 425 2137 Ἐρεχθέῖ·
447 2058 659 2120 καταινέσαντες
681 2056 703 2116 δ’
721 2056 767 2116 ἐπὶ
788 2057 914 2118 τούτοισι
936 2064 963 2120 οἱ

161 2141 343 2226 Ἐπιδαύριοι,
357 2148 412 2204 τῶν
423 2171 455 2204 τε
469 2143 578 2205 ἐδέοντο
593 2145 691 2224 έτυχον
704 2147 750 2204 καὶ
764 2145 920 2226 ἀγάλματα
931 2149 962 2208 ἐκ

161 2233 216 2290 τῶν
230 2230 344 2291 ἐλαιέων
356 2233 474 2292 τουτέων
489 2232 675 2310 ποιησάμενοι
697 2233 855 2311 ἱδρύσαντο·
877 2237 923 2294 καὶ
943 2235 962 2312 ἤ

160 2345 192 2378 τε
204 2321 243 2400 γῆ
256 2325 312 2395 σφι
327 2321 416 2396 ἔφερε,
429 2321 475 2378 καὶ
486 2319 662 2397 Ἀθηναίοισι
676 2324 821 2382 ἐπετέλεον
833 2324 869 2382 τοὶ
883 2327 962 2384 συνέ-

114 2409 152 2465 83
162 2407 249 2484 θεντο.
293 2411 399 2467 Τοῦτον
418 2406 440 2467 δ’
455 2409 494 2468 ἐτι
512 2409 561 2468 τδν
576 2409 679 2488 χρόνον
700 2411 745 2469 καὶ
763 2410 819 2489 πρδ
840 2415 898 2482 τοῦ,
913 2417 962 2472 Αἰ-

160 2499 271 2575 γινῆται
292 2493 474 2572 Ἐπιδαυρίων
494 2497 596 2574 ἤκουον
614 2497 650 2558 τά
665 2525 696 2558 τε
714 2497 803 2569 άλλα,Ι
820 2501 866 2558 καὶ
885 2499 962 2566 δίκας

161 2582 351 2659 διαβαίνοντες
373 2589 400 2647 ἐς
416 2584 583 2662 Ἐπίδαυρον
604 2586 734 2646 ἐδίδοσάν
753 2613 785 2647 τε
807 2588 853 2647 καὶ
875 2589 962 2666 ἐλάμ-

162 2672 252 2747 βανον
265 2671 330 2749 παρ’
345 2670 478 2748 ἀλλήλων
495 2676 521 2732 οἱ
534 2678 690 2754 Αἰγινῆται·
711 2675 744 2735 τό
758 2675 787 2734 δὲ
801 2674 857 2735 α’πό
870 2677 960 2748 τοῦδε,

159 2758 227 2834 νῆάς
239 2785 270 2819 τε
283 2759 435 2836 πηξάμενοι
450 2762 496 2819 καὶ
508 2760 692 2841 ἀγνωμοσύνη
702 2763 886 2842 χρησάμενοι,
895 2762 962 2824 άπέ-

159 2871 271 2922 στησαν
291 2846 347 2907 οἷπδ
372 2852 427 2907 τῶν
448 2846 640 2925 Ἐπιδαυρίων·
664 2848 712 2909 ἅτε
734 2851 763 2908 δὲ
789 2849 880 2914 ἐόντες
904 2852 962 2912 διά-

161 2939 254 3013 φοροι,
273 2935 406 3011 δηλέοντο
429 2934 528 2998 αὐτοῦς
549 2935 622 2996 ὥστε
642 2935 676 3012 δη
696 2938 963 3017 θαλασσοκράτορες

160 3021 258 3094 ἐόντες,
274 3023 320 3083 καὶ
334 3022 367 3098 δὴ
383 3022 428 3080 καὶ
441 3021 477 3081 τὰ
490 3021 642 3102 α’γάλματα
655 3027 742 3084 ταῦτα
752 3030 802 3100 τῆς
811 3051 842 3085 τε
851 3029 963 3105 Δαμίης

162 3111 208 3170 καὶ
221 3116 272 3189 τῆς
285 3110 429 3186 Αὐξησίης
442 3108 619 3186 ὖπαιρέονται
633 3110 730 3183 αὐτῶν,
745 3115 793 3171 καί
804 3119 882 3188 σφεα
902 3120 962 3176 ἐκο·

159 3199 280 3274 μίσαντό
301 3225 332 3260 τε
355 3199 401 3258 καὶ
425 3193 573 3273 ἱδρύσαντο
589 3203 639 3273 τῆς
661 3201 800 3276 σφετέρης
821 3202 913 3278 χώρης
935 3210 962 3268 ἐς

160 3285 211 3361 τὴν
231 3288 397 3366 μεσόγαιαν·
418 3289 454 3367 τῇ
469 3287 525 3362 Οἴη
541 3286 594 3363 μέν
607 3291 668 3346 ἐστι
681 3287 794 3361 οὔνομα,
808 3288 911 3348 στάδια
932 3291 963 3352 δὲ
