2280 3432
174 99 283 174 τοττι]
504 99 657 178 ουιαιυιρ.
930 103 976 148 κιο

175 175 360 256 Κυνόσουραν
367 177 539 258 τεταγμένου,
549 176 718 258 κατεῖχόντε
725 177 809 256 μέχρι
817 179 979 256 Μουνυχίης

175 267 267 328 πάντα
287 267 336 328 τάν
349 259 484 343 Ιτνορθμδν
503 270 572 346 τῇσι
592 267 684 342 νηυσί·
722 266 808 325 τῶνδε
828 265 858 324 δέ
879 266 979 326 εἵνεκεν

175 353 280 436 ἀνῆγον
291 354 342 419 τάς
355 358 430 430 νῆας,
445 354 489 414 ἵνα
503 353 537 430 δυ)
550 359 627 414 τοῖσι
640 353 768 429 Ἕλλησι
780 353 851 430 μηδὲ
865 354 978 434 φυγέειν

177 441 233 520 ἐξῇ,
258 440 324 502 ἀλλ’
352 441 586 518 ἀπολαμφθέντες
613 447 641 502 ἐν
668 446 704 520 τῇ
728 442 876 518 Σαλαμῖνι,
905 441 978 502 δοῖεν

174 530 251 590 τίσιν
269 533 324 590 τοῖν
344 529 386 589 ἐπ’
406 528 575 610 Ἀρτεμισίῳ
596 528 805 612 ἀγωνισμάτων·
830 534 858 592 ἐς
878 530 908 588 δὲ
927 528 979 606 την

175 617 277 692 νησίδα
290 617 342 692 τὴν
354 616 530 677 Ψυττάλειαν
548 619 719 695 καλεομένην
733 615 912 694 ἀπεβίβαζον
923 621 978 676 τῶν

176 705 319 780 Περσέων,
333 705 418 764 τῶνδε
431 705 540 774 εἵνεκεν,
555 705 590 768 οἷς
605 704 687 764 ἐπεάν
702 705 816 784 γένηται
829 705 977 782 ναυμαχίη,

177 791 296 850 ἐνθαῦτα
321 790 450 867 μάλιστα
476 791 659 866 ἐξοισομένων
678 795 733 850 τῶν
752 817 783 850 τε
807 791 912 867 ἀνδρῶν
932 791 979 850 καὶ

176 881 231 938 τοῖν
247 879 392 959 ναυηγίων,
410 879 452 956 (ἐν
470 877 525 958 γοὶρ
544 878 577 954 δὴ
594 878 670 956 πόρῳ
687 881 737 952 τῆς
758 878 911 956 ναυμαχίης
928 883 979 954 τῆς
1003 884 1008 892 '

176 965 340 1041 μελλούσης
360 965 477 1024 ἔσεσθαι
498 967 585 1024 ἔκειτο
606 965 624 1040 ἡ
645 965 752 1042 νῆσος)
777 965 821 1024 ἵνα
840 963 905 1026 τούς
926 969 979 1040 μὲν

178 1057 351 1128 περιποιοῖσι,
374 1052 439 1115 τούς
459 1053 488 1110 δέ
509 1053 701 1129 διαφθείρωσι·
731 1052 838 1112 ἐποίευν
859 1051 888 1110 δέ
909 1057 978 1132 σιγῇ

177 1142 275 1208 ταῦτα,
296 1139 332 1203 ὥς
348 1138 389 1218 μὴ
409 1140 593 1200 πυνθανοίατο
615 1144 642 1200 οῖ
660 1139 784 1200 ἐναντίοι
828 1141 854 1197 οἱ
876 1139 977 1215 μὲνδὴ

122 1279 124 1284 .
178 1230 266 1286 ταῦτα
293 1230 356 1304 τῆς
371 1226 476 1298 νυκτδς,
504 1226 583 1289 οὐδὲν
609 1225 851 1304 ἀποκοιμηθέντες,
873 1251 979 1302 παραρ-

203 1314 211 1335 ,
530 1306 544 1320 ι

178 1339 285 1374 τεοντο.

219 1407 386 1481 Χρησμοῖσι
413 1404 443 1463 δὲ
469 1401 518 1464 οὔκ
545 1403 599 1482 ἔχω
619 1401 774 1483 ἀντιλέγειν
794 1402 830 1464 αῖς
853 1400 902 1460 οὐκ
924 1400 1025 1463 εῖσὶ77

180 1487 305 1566 ἀληθέες,
314 1490 346 1550 οὐ
354 1491 530 1569 βουλόμενος
541 1490 673 1571 ἐναργέως
683 1491 818 1570 λέγοντας
827 1489 980 1567 πειρᾶσθαι

180 1578 379 1672 καταβάλλειν,
396 1585 423 1644 ἐς
435 1579 528 1640 τοιάδε
542 1577 694 1659 πρήγματα
708 1579 864 1656 ἐσβλέψας·
941 1657 942 1661 ¹

241 1687 311 1738 Ἀλλ’
328 1691 388 1738 ὅταν
398 1689 540 1752 Ἀρτέμιδος
556 1686 690 1751 χρυσαόρου
708 1690 768 1750 ἱερὸν
786 1691 862 1748 ἀκτὴν

245 1763 313 1820 νηυσὶ
329 1763 496 1824 γεφυρώσωσι,
517 1763 557 1808 καὶ
575 1761 678 1818 εἰναλίην
696 1761 855 1822 Κυνόσουραν,

245 1831 324 1878 ἐλπίδι
339 1833 467 1891 μαινομένη
484 1833 587 1892 λιπαρὰς
606 1832 737 1890 πέρσαντες
754 1831 862 1890 Ἀθήνας,

150 1938 152 1942 ⁴
246 1903 285 1948 δῖα
301 1903 362 1960 Δίκη
379 1904 479 1964 σβέσσει
497 1903 610 1963 κρατερὸν
627 1902 712 1962 Κόραν,
727 1903 822 1966 Ὕβριος
840 1903 894 1961 υῖδν,

246 1974 319 2019 δεινδν
334 1975 480 2030 μαιμώοντα,
502 1967 604 2018 δοκεῦντ’
617 1971 666 2018 ’ἀνὰ
683 1965 763 2019 πάντα
780 1973 896 2019 τίθεσθαι.

246 2043 337 2102 χαλκὸς
353 2045 402 2104 γὰρ
419 2043 506 2102 χαλκῷ
522 2043 670 2100 συμμίξεται,
692 2043 775 2100 αἵματι
792 2043 812 2090 δ’
826 2042 899 2103 Ἄρης

246 2113 333 2175 πόντον
350 2116 455 2174 φοινίξει.
490 2113 540 2160 τότ’
558 2115 681 2174 ἐλεύθερον
694 2114 813 2161 Ἑλλάδος
830 2112 895 2174 ἦμαρ

247 2187 350 2247 εὐρύοπα
367 2187 483 2248 Κρονίδης
500 2185 595 2246 ἐπάγει,
616 2186 656 2232 καὶ
674 2184 761 2232 πότνια
778 2185 850 2244 Νίκη.

182 2283 208 2340 ἐς
225 2282 340 2338 τοιαῦτα
356 2281 408 2356 μὲν
429 2279 474 2337 καὶ
496 2275 566 2337 οὕτω
587 2276 720 2357 ἐναργέως
741 2277 852 2357 λέγοντι
872 2275 979 2353 Βάκιδι,

181 2365 339 2448 ἀντιλογίης
352 2370 488 2446 χρησμῶν
500 2366 564 2444 πέρι
581 2362 643 2424 οὔτε
659 2363 742 2427 αὖτός
760 2365 853 2444 λέγειν
870 2366 981 2443 τολμέω

182 2451 244 2512 οὔτε
257 2454 322 2532 παρ’
336 2455 431 2515 ἀλλων
445 2455 595 2530 ἐνδέκομαι.

221 2545 282 2598 Τῶν
295 2542 324 2600 δέ
338 2547 367 2602 ἐν
386 2544 526 2620 Σαλαμῖνι
546 2544 711 2622 στρατηγῶν
731 2541 836 2622 ἐγίνετο
856 2540 979 2619 ὥθισμάς
990 2541 1029 2602 78

181 2624 274 2706 λόγων
286 2628 404 2692 πολλός
431 2629 535 2708 ᾔδεσαν
552 2629 581 2688 δέ
600 2627 678 2698 οὔκω,
693 2627 736 2688 ὅτι
750 2628 843 2704 σφέας
859 2653 982 2704 περιεκυ-

182 2713 297 2773 κλέοντο
313 2719 382 2794 τῇσι
400 2718 482 2793 νηυσὶ
501 2720 528 2776 οἱ
544 2717 700 2794 βάρβαροι·
729 2713 804 2783 ἀλλ’,
821 2714 915 2792 ὥσπερ
932 2721 982 2791 τῆς
1030 2727 1034 2766 '-

181 2798 286 2877 ἡμέρης
320 2802 395 2880 ὥρων
422 2805 520 2867 αὐτοδς
548 2804 739 2885 τεταγμένους,
773 2802 882 2862 ἐδόκεον
912 2803 983 2862 κατοὶ

181 2886 275 2965 χώρην
294 2889 371 2950 εἶναι.
413 2891 626 2968 Συνεστηκότων
647 2890 677 2950 δέ
693 2895 748 2950 τῶν
765 2895 937 2969 στρατηγῶν,
953 2891 1028 2959 ἐξ79

181 2976 296 3056 Αἰγίνης
314 2977 396 3054 διέβη
408 2977 582 3056 Ἀριστείδης
596 2978 612 3038 ὁ
625 2977 802 3056 Λυσιμάχου,
817 2975 886 3053 ἀνὴρ
900 2976 982 3052 Ἀθη-

182 3066 258 3128 ναῖος
277 3067 337 3142 μὲν,
358 3066 613 3144 ἐξωστρακισμένος
632 3065 662 3123 δὲ
679 3063 734 3124 ὖπὸ
750 3069 800 3123 τοῦ
814 3064 912 3141 δήμου·
933 3064 983 3124 τάν

182 3150 236 3232 ἐγιδ
265 3153 403 3232 νενόμικα,
431 3153 635 3230 πυνθανόμενος
669 3151 753 3211 αὐτοῦ
786 3149 836 3211 τὸν
869 3149 982 3228 τρόπον,

181 3234 298 3317 ἄριστον
311 3240 398 3322 ἀνδρα
410 3242 542 3325 γενέσθαι
555 3246 584 3300 ἐν
596 3238 734 3318 Ἀθήνησι
744 3239 789 3298 καὶ
800 3238 983 3300 δικαιότατον·
