2240 3424
152 96 279 160 οι-ιοο]
462 93 651 142 κκικιοῐικ.
904 89 952 141 ιιι

152 179 192 256 τῷ
213 177 332 256 αἰγωλῷ
351 172 388 234 τά
408 172 537 250 μάλιστα
557 169 736 250 Λευτυχίδης,
758 168 815 230 ύπδ
836 166 954 245 κήρυκος

153 262 325 344 προηγόρευε
337 265 415 323 τοῖσι
422 259 505 320 Ἴωσι
516 260 616 341 λέγων·
646 269 664 295 “
672 256 768 335 ἄνδρες
780 255 874 319 Ἰωνες
889 254 954 316 ὅσοι

153 351 246 427 ὑμέων,
268 348 439 430 τυγχάνουσι
466 347 654 416 ἐπακούοντες,
678 344 782 422 μάθετε
807 341 843 405 τά
869 343 953 424 λέγω·

153 436 262 500 πάντως
274 435 329 518 γάρ
349 434 426 495 ούδὲν
444 433 605 511 συνήσουσι
619 433 731 510 Πέρσαι
748 437 803 493 τῶν
819 430 873 512 ε’γῶ
889 430 954 508 ύμῖν

154 525 330 602 ἐντέλλομαι·
365 521 448 583 ἐπεάν
474 522 687 602 συμμίσγωμεν,
708 520 873 598 μεμνῆσθαί
892 543 954 579 τινα

153 611 210 690 χρή
231 610 387 687 ἐλευθερίης
409 612 461 687 μὲν
483 608 594 670 πάντων
616 611 735 686 τρόπον,
755 605 827 685 μετά
846 607 884 678 δὲ,
904 609 972 679 τοῦΙ

155 697 334 774 συνθήματος
341 697 448 774 Ἥβης·
470 696 517 754 καὶ
528 695 595 756 τάδε
608 695 678 755 ύστω
691 694 738 754 καὶ
754 693 770 754 ό
784 694 825 772 μή
839 692 954 754 ἐσακού-

154 810 210 848 σας
237 784 327 861 ύμέων
353 784 424 860 πρός
456 787 507 843 τοῦ
536 780 767 844 ε’πακούσαντος.”
808 781 894 845 ὦύτός
946 780 954 803 ⁸

155 869 236 935 οὗτος
249 871 300 932 εἰδν
312 869 444 952 τυγχάνει
456 868 519 932 νόος
536 873 587 928 τοῦ
603 868 768 948 πρήγματος
784 869 830 926 καὶ
842 868 858 928 ό
871 875 954 944 Θεμι-

149 959 292 1022 στοκλέος
311 958 327 1019 ό
348 957 390 1018 ἐπ’
410 956 588 1035 Ἀρτεμισίω·
607 955 626 1031 ἦ
646 955 702 1036 γάρ
722 955 756 1030 δή
776 955 901 1015 λαθόντα
919 955 955 1015 τά

154 1045 267 1122 ῥήματα
278 1045 343 1109 τούς
355 1043 521 1123 βαρβάρους
534 1045 637 1120 ἔμελλε
652 1042 717 1105 τούς
725 1041 823 1105 Ἴωνας
838 1043 954 1112 πείσειν,

155 1131 174 1208 ή
188 1134 282 1194 ἔπειτα
298 1132 490 1212 ἀνενειχθέντα
509 1135 536 1194 ἐς
551 1128 617 1194 τούς
635 1129 810 1206 βαρβάρους,
826 1128 956 1206 ποιήσειν

155 1219 292 1284 α’πίστους
305 1215 551 1302 [τοῖσιἘλλησι].

196 1307 368 1387 Λευτυχίδεω
381 1307 511 1366 δὲταῦτα
523 1304 703 1380 ύποθεμένου,
716 1303 829 1381 δεύτερα
842 1302 877 1380 δή
890 1303 955 1364 τάδε
964 1307 1001 1364 99

157 1396 265 1456 ε’ποίευν
278 1394 460 1469 οἱἝλληνες·
474 1391 648 1471 προσχόντες
659 1389 710 1454 τάς
723 1391 793 1460 νέας,
804 1389 957 1468 άπέβησαν

115 1558 116 1561 ¹
157 1487 185 1546 ές
203 1483 253 1544 τόν
273 1480 411 1564 αἰγιαλόν·
446 1481 492 1540 καὶ
512 1479 588 1540 οὗτοι
607 1480 659 1555 μὲν
679 1477 844 1540 ἐτάσσοντο·
880 1482 907 1538 οἱ
926 1479 957 1539 δὲ

157 1573 269 1649 Πέρσαι
287 1571 322 1634 ὥς
339 1570 411 1630 εἶδον
423 1569 488 1632 τούς
501 1567 646 1643 Ἕλληνας
661 1567 956 1644 παρασκευαζομένους

157 1663 185 1723 ές
196 1659 298 1740 μάχην,
313 1658 359 1718 καὶ
374 1661 451 1718 τοῖσι
462 1655 544 1716 Ἴωσι
561 1655 791 1733 παραινέσαντας,
804 1659 888 1717 τούτο
905 1658 957 1734 μὲν

156 1747 361 1823 ὑπονοήσαντες
380 1744 445 1808 τούς
463 1745 585 1821 Σαμίους
604 1742 640 1803 τοὶ
657 1742 802 1819 Ἑλλήνων
820 1745 955 1821 φρονέειν,

157 1833 335 1912 ἀπαιρέονται
348 1833 384 1893 τά
397 1833 482 1892 ὅπλα·
505 1834 532 1891 οἱ
543 1830 598 1912 γάρ
613 1829 650 1890 ὧν
663 1829 773 1907 Σάμιοι,
785 1831 957 1907 ἀπικομένων

157 1919 310 1997 Ἀθηναίων
331 1919 515 1998 αἰχμαλώτων
536 1924 566 1978 έν
585 1922 654 1996 τῇσι
671 1917 754 1993 νηυσὶ
771 1921 826 1977 τῶν
843 1917 957 1994 βαρβά-

157 2033 220 2083 ρων,
233 2007 297 2070 τούς
310 2007 419 2082 ἔλαβον
432 2005 486 2065 α’νοὶ
502 2005 553 2080 τήν
570 2003 700 2079 Ἀττικήν
718 2003 916 2079 λελειμμένους
929 2006 956 2064 οἱ

158 2094 273 2171 Ξέρξεω,
303 2092 417 2156 τούτους
443 2092 598 2168 λυσάμενοι
625 2091 730 2153 πάντας
756 2089 957 2167 ἀποπέμπουσι

158 2180 354 2244 ἐποδιάσαντες
368 2185 395 2244 ές
405 2179 456 2253 τάς
467 2178 595 2254 Ἀθήνας·
610 2182 666 2238 τῶν
679 2178 779 2238 εἵνεκεν
792 2176 842 2238 ούκ
854 2176 958 2254 ἥκιστα

157 2267 281 2346 ὑποψίην
303 2267 387 2346 εἶχον,
408 2266 593 2328 πεντακοσίας
616 2265 742 2341 κεφαλάς
767 2269 823 2325 τῶν
848 2265 957 2342 Ξέρξεω

157 2357 299 2433 πολεμίων
319 2355 482 2433 λυσάμενοι·
513 2356 597 2414 τούτο
617 2352 647 2411 δὲ
665 2351 716 2416 τός
736 2351 842 2417 διόδους
860 2351 910 2416 τάς
922 2357 958 2416 ές

157 2443 207 2508 τάς
220 2441 344 2520 κορυφάς
359 2447 409 2519 τῆς
427 2440 565 2516 Μυκάλης
578 2439 721 2517 φερούσας
738 2440 959 2517 προστάσσουσι

157 2535 234 2590 τοῖσι
249 2531 423 2606 Μιλησίοισι
439 2528 608 2604 φυλάσσειν,
624 2525 659 2590 ὦς
680 2528 892 2605 ἐπισταμένοισι
912 2528 959 2605 δῆ-

158 2618 206 2676 θεν
221 2616 349 2696 μόλιστα
367 2617 419 2693 τήν
436 2615 538 2697 χύρην·
559 2614 668 2674 ε’ποίευν
686 2614 715 2674 δὲ
732 2614 832 2676 τούτου
850 2617 958 2686 εἵνεκεν,

159 2705 203 2764 ἵνα
217 2704 295 2768 ε’κτός
303 2709 354 2764 τοῦ
368 2704 559 2781 στρατοπέδου
573 2703 648 2761 ἔωσι·
662 2701 776 2765 τούτους
788 2705 840 2778 μὲν
851 2701 957 2772 Ἰάνων,

157 2795 233 2852 τοῖσι
247 2791 292 2850 καὶ
305 2791 468 2852 κατεδόκεον
481 2788 603 2870 νεοχμόν
621 2787 654 2850 όν
670 2814 698 2850 τι
710 2789 814 2849 ποιέειν
829 2788 960 2866 δυνάμως

158 2880 401 2956 ἐπιλαβομένοισι,
431 2878 563 2956 τρόποισι
594 2875 748 2937 τοιούτοισι
764 2875 958 2957 ,προεφυλάσ-

158 2991 244 3026 σοντο
260 2970 287 3025 οἱ
305 2966 427 3043 Πέρσαι·
448 2964 527 3026 αύτοὶ
548 2966 578 3026 δὲ
598 2962 798 3042 συνεφόρησαν
817 2961 853 3023 τά
872 2965 960 3044 γέρρα

158 3054 237 3132 έρκος
250 3054 398 3130 εἶναίσφι.

197 3141 246 3208 Ὧς
258 3143 289 3204 δὲ
301 3141 356 3221 ἄρα
368 3139 596 3219 παρεσκευάδατο
608 3143 686 3200 τοῖσι
697 3137 835 3215 Ἕλλησι,
847 3163 937 3216 προσ·
949 3139 1007 3198 100

157 3230 243 3310 ήῐσαν
259 3230 330 3312 πρός
346 3229 412 3296 τούς
426 3228 603 3308 βαρβάρους·
628 3230 703 3288 ἰοῦσι
716 3225 748 3286 δέ
762 3231 819 3302 σφι
832 3225 916 3302 φήμη
928 3251 960 3288 τε
