2294 3430
154 117 201 164 ιιι
461 111 646 162 Ἤτοιοτου
877 111 950 178 [vn.
1118 115 1134 190 γ

58 193 63 202 ’
154 193 223 263 τόξα
252 193 385 272 ἐπιχώρια
418 190 559 268 καλάμινα
590 193 698 269 ἔχοντες
727 193 773 251 καὶ
800 191 952 262 α’κινάκεας,

154 279 362 357 ε’στρατεύοντο·
384 275 462 340 οὗτοι
481 281 532 355 μὲν
553 279 623 339 οὕτω
637 279 814 350 ἐσκευάδατο,
827 279 953 360 ἡγεμόνα

154 365 341 447 παρεχόμενοι
359 365 543 444 Ἀριόμαρδον
563 366 613 427 τόν
631 366 783 443 Ἀρτυφίου
804 366 952 442 α’δελφεόν.

155 455 300 536 Σαράγγαι
313 454 343 512 δὲ
356 454 456 530 εἵματα
469 457 520 530 μὲν
529 455 700 532 βεβαμμένα
715 455 863 532 ἐνέπρεπον
877 456 953 535 έχον-

153 569 207 606 τες·
229 542 330 601 πέδιλα
352 541 381 600 δὲ
403 547 430 604 ές
450 541 518 623 γόνυ
538 541 715 606 ἀνατείνοντα
736 542 818 620 εἶχον,
834 541 903 611 τόξα
924 543 953 602 δὲ
985 601 987 605 ,
1027 606 1032 614 ,

154 631 200 690 καὶ
219 627 321 707 αἰχμάς
342 628 478 705 Μηδικάς·
500 631 666 712 Σαραγγέων
685 630 714 688 δὲ
731 628 802 708 ἦρχε
821 630 953 706 Φερενδά-
1028 625 1032 631 ’

153 744 203 794 της
227 717 243 776 6
268 715 450 798 Μεγαβάζοη.
492 716 620 781 Πάκτυες
642 717 672 776 δὲ
695 715 899 794 σισυρνοφόροι
922 743 953 776 τε
1128 743 1134 806 η

154 805 229 882 ἦσαν
243 806 289 864 καὶ
301 804 370 875 τόξα
384 805 516 884 ε’πιχιίρια
530 805 606 886 εἰχον
619 804 669 886 καί
679 803 837 884 ἐγχειρίδια.
876 804 952 863 Πάκ·

153 919 214 957 τυες
240 893 269 952 δὲ
295 891 418 971 ἄρχοντα
443 894 610 972 παρείχοντο
633 892 785 970 Ἀρτύντην
808 892 858 952 τόν
879 890 952 952 Ἰθα-

106 982 145 1040 68
152 981 268 1059 μάτρεω.
314 979 411 1040 Ούτιοι
432 981 462 1039 δὲ
484 981 530 1040 καὶ
551 979 645 1040 Μύκοι
666 1007 696 1040 τε
719 980 764 1039 καὶ
786 980 952 1056 Παρικάνιοι

153 1069 353 1145 ἐσκευασμένοι
375 1067 450 1142 ἦσαν
476 1068 598 1146 κατάπερ
620 1068 752 1131 Πάκτυες.
796 1066 899 1127 τούτων
923 1067 952 1128 δέ

152 1155 239 1236 ἦρχον
262 1157 327 1216 οἵδε·
351 1155 457 1216 Οὐτίων
477 1159 529 1234 μὲν
551 1158 597 1215 καὶ
618 1156 720 1216 Μύκων
738 1151 914 1234 Ἀρσαμένης
935 1155 952 1215 ό

153 1245 281 1322 Δαρείου·
310 1245 487 1320 Παρικανίων
514 1245 543 1302 δὲ
566 1243 733 1320 Σιρομίτρης
756 1243 772 1302 6
798 1242 951 1318 Οἰοβάζου.

106 1335 142 1391 69
154 1331 286 1408 Ἀράβιοι
307 1332 336 1390 δὲ
357 1331 447 1409 ζειρὰς
464 1331 654 1408 ύπεζωσμένοι
671 1330 755 1407 ἦσαν·
775 1330 843 1400 τόξα
856 1330 887 1389 δὲ
899 1357 951 1390 πα-

151 1419 264 1480 λίντονα
281 1419 357 1497 εἰχον
370 1418 440 1495 πρός
453 1419 535 1488 δεξιοὶ,
549 1445 651 1496 μακρα.
693 1419 825 1481 Αἰθίοπες
838 1419 868 1477 δὲ
881 1445 951 1532 παρ-

151 1506 252 1569 δαλέας
264 1532 295 1566 τε
314 1507 359 1564 καὶ
380 1507 540 1568 λεοντέας’
527 1507 682 1583 εναμμένοι,
696 1505 765 1576 τόξα
779 1506 848 1566 δὲ’
822 1533 897 1585 ειχον
918 1513 949 1566 ἐκ

151 1593 276 1700 φρίνικος
298 1592 408 1668 σπάθης
432 1594 604 1670 πεποιημένα
627 1593 730 1670 μακροὶ,
756 1592 951 1672 τετραπήχεων

152 1680 201 1739 οὐκ
223 1680 382 1740 ε’λάσσω·’
370 1706 415 1740 επι
405 1681 474 1750 δὲ,
498 1679 703 1758 καλαμίνους’
688 1680 799 1743 οἰστούς
819 1680 950 1758 μακρούς·

151 1767 225 1849 (άντὶ
246 1769 275 1828 δὲ
297 1768 413 1846 σιδήρου
432 1773 501 1844 ε’πῆν
519 1769 598 1834 λίθος
611 1767 681 1846 όξύς
701 1769 893 1848 πεποιημένος,
913 1775 952 1848 τῷ

151 1856 198 1918 καὶ
210 1856 260 1920 τοίς
269 1849 428 1967 σφρηγῖδας
438 1855 605 1938 γλύφουσι)
619 1855 689 1933 πρός
702 1856 739 1926 δέ,
749 1855 851 1936 αἰχμάς
865 1857 950 1936 εἰχον·

95 2002 98 2007 .
151 1949 197 2003 ε’πι
187 1945 302 2014 δὲ,’
270 1971 351 2021 κερας
372 1943 537 2022 δορκάδος’
525 1947 594 2020 επῆν
614 1943 664 2014 όξτ)
680 1946 875 2021 πεποιημένον,
888 1943 951 2022 τρό-

150 2057 204 2092 πον
227 2032 344 2114 λόγχης·
366 2032 444 2144 εἶχον
464 2032 493 2091 δὲ
516 2059 561 2092 και
551 2032 696 2110 ρόπαλα
714 2031 832 2091 τυλωτά·
853 2057 902 2091 του
889 2032 952 2090 δὲ

152 2120 283 2196 σώματος
302 2121 335 2180 τό
355 2123 407 2231 μὲν
426 2121 515 2198 ἥμισυ
536 2121 717 2197 ἔξηλείφοπο
730 2118 850 2201 γύψῳ”
825 2145 910 2182 ιοντες
925 2125 952 2182 ές

151 2207 254 2286 μάχην,
270 2234 302 2267 το
294 2208 367 2266 δ
354 2234 446 2284 ετερον
458 2209 547 2285 ἥμισυ
567 2210 666 2289 μιλτῳ.
707 2207 848 2285 Ἀραβίων
861 2207 949 2266 δὲ
905 2233 951 2265 και

151 2295 293 2354 Αἰθιόπων
311 2298 366 2354 τῶν
386 2295 456 2371 ύπὲρ
470 2296 612 2375 Αἰγύπτου
633 2297 783 2374 οἰκημένων
802 2294 872 2374 ἦρχε
887 2293 950 2371 Ἀρ-

152 2381 254 2458 σάμης,
269 2382 284 2442 ὁ
299 2383 419 2458 Δαρείου
433 2383 478 2440 καὶ
491 2381 683 2460 Ἀρτυστώνης
695 2389 745 2459 τῆς
759 2381 853 2459 Κύρου
868 2383 950 2463 θυγα-

152 2469 226 2547 τρός·
247 2469 300 2546 την
319 2469 447 2546 μάλιστα
467 2470 585 2548 στέρξας
604 2475 660 2531 τῶν
674 2474 810 2553 γυναικῶν
824 2473 949 2548 Δαρεῖος,

151 2556 214 2616 εἰκιί
234 2557 358 2637 χρυσέην
379 2558 564 2636 σφυρήλατον
580 2559 742 2635 ἐποιήσατο.
784 2561 839 2618 τῶν
851 2559 903 2633 μὲν
917 2557 950 2632 δῆ

149 2643 217 2721 ύπὲρ
232 2643 374 2726 Αἰγύπτου
388 2646 528 2706 Αἰθιόπων
542 2647 588 2706 καὶ
600 2646 744 2723 Ἀραβίων
758 2645 828 2725 ἦρχε
848 2643 951 2720 Ἀρσά-

105 2731 141 2794 70
149 2758 214 2808 μης.
257 2737 293 2792 Οἰ
314 2733 344 2792 δέ
363 2732 420 2793 άπδ
441 2733 523 2810 ἡλίου
541 2733 700 2794 άνατολέων
713 2731 951 2812 Αἰθίοπες,γ(διξοί

148 2819 203 2900 γάρ
217 2819 250 2896 δη
262 2820 481 2901 ε’στρατεύοντο,)
495 2819 723 2899 προσετετάχατο
736 2823 813 2880 τοῖσι
826 2819 949 2892 Ἰνδοῖσι,

149 2907 370 2972 διαλλάσσοντες
389 2909 459 2972 εἰδος
477 2911 528 2984 μέν
547 2906 625 2968 οὐδὲν
646 2911 722 2968 τοῖσι
743 2908 873 2985 ἑτέροισι,
894 2912 950 2982 φαι-

149 2995 199 3070 νην
218 2995 310 3055 δὲκαὶ
331 2997 457 3075 τρίχωμα
473 2999 587 3104 μοῦνον·
609 2997 636 3053 οἰ
653 2997 705 3071 μὲν
724 2993 780 3075 γάρ
801 2994 849 3053 ἀπ’
867 2993 950 3069 ἡλίου

149 3084 280 3148 Αἰθίοπες
301 3083 481 3162 ἶθύτριχές’
457 3105 522 3140 εισι·
544 3107 570 3138 οι
561 3080 638 3140 ’δὲ’
626 3107 656 3139 εκ
674 3085 725 3157 τῆς
738 3080 848 3157 Λιβύης
868 3078 950 3138 ούλό-

148 3195 232 3231 τατον
251 3173 377 3279 τρίχωμα
390 3171 488 3250 έχουσι
501 3166 612 3228 πάντων
626 3167 786 3280 α’νθριύπων.
795 3187 806 3210 ⁴
830 3163 906 3227 οὗτοι
921 3166 950 3224 δὲ

149 3258 177 3315 οἶ
198 3261 228 3317 ἐκ
248 3283 298 3335 της
318 3258 417 3335 Ἀσίης
439 3255 635 3327 Αἰθίοπες,
600 3283 636 3316 τα
655 3281 708 3333 μεν
727 3255 805 3315 πλέω
826 3249 948 3330 κατάπερ
