2280 3432
176 105 286 172 23-26]
503 107 656 157 οτυκιιικ.
927 109 974 157 ιιι

176 187 251 263 ἦσαν
266 187 296 247 δέ
307 187 361 264 ,καὶ
379 186 428 246 δύο
443 185 582 265 μυριάδες·
602 185 809 264 άπολιπάμενος
824 185 928 246 τούτων
941 187 978 252 οἷς

174 277 292 354 χιλίους,
309 274 375 338 τούς
395 275 519 345 λοιπούς,
536 273 661 352 τάφρους
682 274 858 352 ὀρυξάμενος,
882 276 975 352 ἔθαψε,

176 363 310 440 φυλλάδα
330 389 362 422 τε
383 363 528 474 ἐπιβαλών
547 364 593 422 καὶ
612 367 667 444 γῆν
686 362 909 440 ἐπαμησάμενος,
932 365 977 423 ἵνα

175 476 215 528 μη
207 449 436 528 ὀφθείησαν
419 451 474 511 υπό
497 454 548 510 τοῦ
572 455 700 512 ναυτικοῦ
722 454 855 528 στρατοῦ·
890 450 925 514 ὦς
947 451 977 511 δέ

175 539 292 628 διέβη’
279 566 306 602 ες
325 539 377 614 τήν
396 537 564 614 “Iunaae‘vyv
548 565 564 599 0
583 538 677 616 κῆρυξ,
692 538 837 619 σύλλογον
857 539 976 614 ποιησά-

174 652 256 719 μενος
268 625 372 688 παντός
386 651 436 685 του
424 626 645 703 στρατοπέδου
663 627 741 706 ἔλεγε
759 625 834 686 τάδε·
856 636 873 662 “
882 625 978 737 ἄνδρες

175 713 330 792 σύμμαχοι,
351 712 490 788 βασιλευς
510 713 674 790 ’Ξέρξης
635 739 674 792 τῳ
699 713 904 792 βουλομένῳ“
888 715 978 792 υμέων

174 800 358 877 παραδίδωσι,
373 799 576 860 ἐκλιπόντα
542 826 593 876 την
614 799 692 868 τάξιν
713 827 759 858 και
749 801 897 860 ἐλθόντα
916 802 977 878 θεή-

175 889 284 948 σασθαι
314 887 383 950 ὅκως
415 887 535 966 μάχεται
569 886 639 963 πρός
670 886 735 948 τούς
761 886 893 961 ἀνοήτους
921 894 976 949 τῶν

176 973 334 1051 ἀνθρώπων,
353 974 380 1034 οἳ
395 973 522 1050 ἤλπισαν
539 973 591 1050 τήν
607 975 747 1049 βασιλέος
767 972 882 1050 δύναμιν
895 974 975 1053 άπερ-

174 1061 360 1136 βαλέεσθαι.”
399 1065 494 1121 Ταῦτα
520 1061 767 1142 ἐπαγγειλαμένου,
793 1061 864 1137 μετά
890 1067 978 1123 ταῦτα
986 1067 1024 1122 25

176 1148 254 1208 ου’δὲν
277 1150 382 1230 ἐγίνετο
408 1150 514 1210 πλοίων
537 1147 735 1225 σπανιώτερον·
778 1147 848 1208 οὕτω
871 1152 976 1210 πολλοὶ

174 1235 279 1310 ἤθελον
313 1237 477 1313 θεήσεσθαι·
519 1237 761 1313 διαπεραιωθέντες
788 1237 818 1295 δέ
845 1238 975 1314 ἐθηεῦντο

176 1324 320 1402 διεξιόντες
335 1325 400 1388 τούς
417 1325 537 1403 νεκρούς·
564 1323 665 1388 πάντες
685 1325 715 1383 δέ
736 1323 892 1401 ἠπιστέατο
913 1325 978 1389 τοιλς

175 1413 316 1488 κειμένους
328 1412 398 1473 εἶναι
411 1413 516 1476 πάντας
526 1411 761 1488 Λακεδαιμονίους
774 1413 821 1472 καὶ
829 1415 976 1488 Θεσπιέας,

175 1498 300 1576 ὁρέοντες
321 1500 367 1559 καὶ
389 1500 453 1564 τοδς
475 1501 599 1564 εἵλωτας·
634 1499 666 1560 οὗ
687 1502 739 1577 μὲν
763 1499 819 1560 οὐδ’
844 1499 978 1561 ἐλάνθανε

173 1586 239 1650 τούς
258 1588 466 1665 διαβεβηκότας
483 1589 590 1666 Ξέρξης
607 1591 695 1648 ταῦτα
712 1588 820 1665 πρήξας
833 1589 897 1665 περὶ
911 1589 976 1653 τούς

174 1675 287 1752 νεκροῦς
305 1676 369 1740 τούς
390 1680 499 1737 ἐωυτοῦ·
521 1677 567 1736 καὶ
588 1674 644 1757 γάρ
668 1676 702 1752 δή
722 1680 835 1757 γελοῖον
855 1675 899 1752 ἦν·
920 1681 975 1737 τῶν

173 1766 226 1839 μὲν
240 1766 331 1842 χίλιοι
353 1766 500 1841 ἐφαίνοντο
522 1763 614 1840 νεκροὶ
634 1765 802 1839 κείμενοι,οἱ
818 1764 856 1833 δὲ,
876 1764 978 1828 πάντες

175 1851 271 1912 ἐκέατο
301 1851 382 1914 άλέες
415 1850 669 1931 συγκεκομισμένοι
696 1856 723 1912 ἐς
749 1849 838 1909 τάυτό
866 1853 976 1929 χωρίον,

174 1939 308 2014 τέσσερες
333 1937 468 2014 χιλιάδες.
508 1936 611 2010 ταύτην
631 1938 683 2010 μὲν
705 1936 757 2010 τήν
779 1936 886 2012 ἡμέρην
907 1939 977 2014 πρός

176 2023 269 2098 θέην’
256 2021 417 2098 ετράποντο·
438 2020 543 2098 τῇδ’
526 2022 661 2099 υστεραίῃ
675 2023 701 2079 οἱ
718 2024 770 2097 μὲν
787 2021 962 2083 ἀπέπλωον
950 2051 977 2088 ες

174 2108 340 2186 Ἱστιαίην’
327 2110 373 2168 επὶ
390 2108 440 2172 τὰς
459 2112 534 2184 νῆας,
549 2134 576 2166 οι
566 2108 623 2216 δὲ
641 2107 717 2185 α’μφὶ
735 2108 876 2184 Ξέρξεα’
862 2135 891 2172 ες
911 2109 977 2172 ὁδόν

175 2196 303 2309 ὁρμέατο,

208 2284 303 2346 Ηκον
325 2285 356 2346 δέ
378 2291 434 2361 σφι
458 2284 612 2364 αι’πόμολοι
635 2283 730 2363 άνδρες
757 2285 806 2345 ἀπ’
828 2285 1023 2364 Ἀρκαδίης26

174 2371 267 2455 ὀλίγοι
280 2377 358 2444 τινὲς,
369 2375 437 2451 βίου
446 2401 477 2435 τε
487 2374 670 2452 δεόμενοι
626 2399 672 2432 και
686 2379 792 2456 ἐνεργοι
782 2375 976 2454 βουλόμενοι

175 2461 253 2520 εἶναι·
285 2463 399 2543 ἄγοντες
422 2463 452 2521 δὲ
475 2462 589 2526 τούτους
613 2467 640 2526 ἐς
664 2460 729 2540 ὄψιν
750 2463 802 2538 τὴν
828 2464 975 2540 βασιλέος,

176 2549 360 2608 ἐπυνθάνοντο
390 2553 417 2610 οἱ
451 2551 564 2627 Πέρσαι
597 2550 662 2627 περὶ
692 2555 748 2611 τῶν
774 2551 919 2627 Ἑλλήνων
941 2552 977 2613 τά

175 2636 303 2695 ποιέοιεν·
323 2637 360 2700 εἷς
374 2638 405 2696 δέ
415 2663 457 2701 τις
469 2639 525 2716 πρό
539 2637 649 2698 πάντων
661 2636 697 2713 ἦν
707 2638 723 2698 6
735 2639 865 2715 εἷρωτέων
878 2639 978 2702 αότοιλς

174 2726 271 2782 ταῦτα·
300 2727 326 2782 οἱ
344 2725 375 2783 δέ
395 2733 451 2801 σφι
474 2728 580 2806 ἔλεγον,
598 2726 632 2790 ὥς
652 2725 796 2803 Ὀλύμπια
814 2725 908 2807 άγοιεν
930 2728 977 2785 καὶ

175 2809 317 2886 θεωρέοιεν
336 2810 431 2892 άγῶνα
449 2812 583 2894 γυμνικόν
604 2815 650 2873 καὶ
671 2812 795 2874 ἱππικόν·
824 2813 840 2873 6
858 2814 888 2872 δέ
906 2815 976 2873 ἐπεί-

174 2921 239 2973 ρετο
263 2896 279 2957 6
301 2923 329 2957 τι
348 2898 382 2958 τό
404 2899 507 2960 άεθλον
531 2900 573 2975 εἴη
596 2907 653 2977 σφι
677 2902 803 2978 κείμενον
827 2902 891 2976 περὶ
914 2900 976 2960 ὅτευ

175 2983 371 3065 άγωνίζονται;
399 2986 466 3046 οἶδ’
488 2987 567 3046 εἶπον
583 2992 634 3063 τῆς
654 2989 750 3064 ἐλαίης
764 2987 814 3048 τόν
835 2987 978 3064 διδόμενον

175 3074 327 3150 στέφανον.
378 3075 497 3135 ἐνθαῦτα
527 3076 605 3139 εἶπας
639 3074 752 3157 γνάμηυ
780 3075 976 3155 γενναιοτάτην

174 3163 397 3242 Τριτανταίχμης
417 3161 434 3222 6
453 3161 641 3240 Ἀρταβάνου,
668 3162 775 3237 δειλίην
802 3160 881 3237 αἰφλε
906 3163 977 3239 πρός

174 3252 323 3326 βασιλέος·
337 3249 543 3327 πυνθανόμενος
552 3249 648 3329 γάρτό
657 3248 760 3310 ἄεθλον
770 3247 953 3325 ἐδνστέφανο·
