2280 3432
190 77 237 124 τοι
494 76 678 124 Ἦυοιοιυυ
895 70 990 136 [vm.

188 156 320 237 γομένων,
343 153 464 230 ἐλήλυθε
487 154 556 231 ἀνὴρ
580 153 728 228 Ἀθηναῖος
749 152 896 234 ἀγγέλλων
915 151 994 228 ἥκειν

189 242 239 303 τάν
259 242 410 320 βάρβαρον
431 247 458 305 ἐς
479 242 531 318 τήν
551 240 689 316 Ἀττικήν,
712 241 758 299 καὶ
784 245 881 301 πᾶσαν
905 239 994 316 αὐτήν

190 332 409 408 πυρπολέεσθαι.
460 329 477 390 ό
503 329 558 409 γάρ
591 329 635 388 διά
664 332 791 387 Βοιωτῶν
819 327 993 405 τραπόμενος

190 418 311 496 στρατός
327 417 386 494 ἅμα
403 419 501 497 Ξέρξη,
519 417 665 495 ἐμπρήσας
682 417 826 475 Θεσπιέων
843 415 895 491 τήν
908 415 994 475 πόλιν

191 506 279 565 αὐτῶν
310 505 512 565 ἐκλελοιπότων
542 509 569 568 ἐς
603 503 834 579 Πελοπόννησον,
863 504 909 561 καὶ
941 503 995 578 τὴν

190 594 356 653 Πλαταιέων
384 593 521 663 ὦσαιίτως,
543 589 595 668 ἧκέ
615 618 646 652 τε
669 597 696 654 ἐς
722 590 772 654 τάς
797 589 919 665 Ἀθήνας
947 593 994 649 καὶ

190 681 282 741 πάντα
302 685 392 741 ἐκεῖνα
413 681 513 757 ἐδηίου·
542 682 677 757 ἐνέπρησε
698 679 728 737 δὲ
748 677 876 737 Θέσπιόν
895 704 926 737 τε
947 680 994 736 καὶ

191 768 341 829 Πλάταιαν
363 768 519 846 πυθόμενος
546 769 679 844 Θηβαίων
706 765 750 825 ότι
777 764 826 825 οὐκ
854 764 992 841 ἐμήδιζον.

142 855 261 917 51Ἀπό
286 857 316 916 δέ
338 861 388 934 τῆς
415 855 564 932 διαβάσιος
590 861 640 915 τοῦ
663 854 888 930 Ἑλλησπόντου,
917 855 994 914 ἐνθεν

190 945 360 1022 πορεύεσθαι
378 943 497 1022 ἤρξαντο
514 947 541 1002 αἱ
557 943 710 1020 βάρβαροι,
727 943 774 1000 ἐνα
790 940 875 1000 αὐτοῦ
892 941 994 1019 διατρί-

191 1041 292 1111 ψαντες
313 1036 396 1110 μῆνα,
420 1037 449 1092 ἐν
469 1035 507 1110 τῷ
529 1031 669 1107 διέβαινον
691 1036 718 1093 ἐς
737 1029 789 1105 τὴν
806 1029 950 1105 Εὐρώπην,
965 1035 994 1090 ἐν

191 1121 267 1197 τρισὶ
286 1121 405 1197 ἑτέροισι
421 1120 523 1196 μήνεσι
542 1119 668 1199 ἐγένοντο
687 1122 716 1177 ἐν
728 1121 764 1195 τῇ
777 1116 899 1196 Ἀττικῇ,
915 1122 994 1176 Καλ-

190 1199 292 1267 λιάδεω
308 1207 442 1286 ἄρχοντος
454 1207 638 1282 Ἀθηναίοισι.
681 1206 728 1263 καὶ
746 1206 872 1282 αἱρέουσι
890 1209 994 1282 ἐρῆμον

190 1296 223 1356 τό
237 1295 317 1369 ἄστυ,
334 1297 381 1354 καί
392 1321 468 1358 τινας
482 1293 594 1374 ὀλίγους
605 1293 768 1371 εὖρίσκουσι
777 1296 832 1352 τῶν
840 1292 995 1369 Ἀθηναίων

192 1389 279 1462 ἐντῷ
300 1387 348 1462 ἱρῷ
369 1383 471 1452 ἐόντας,
486 1382 586 1458 ταμίας
606 1407 637 1442 τε
657 1384 707 1441 τοῦ
727 1384 788 1458 ἱροῦ
809 1381 855 1439 καὶ
875 1383 995 1456 πένητας

191 1470 362 1549 ἀνθρώπους·
384 1469 410 1528 οἱ
424 1469 598 1546 φραξάμενοι
613 1469 665 1545 τήν
681 1469 836 1547 ἀκρόπολιν
850 1467 954 1548 θύρῃσί
963 1496 995 1529 τε

193 1560 239 1617 καὶ
256 1559 376 1628 ξύλοισι,
398 1557 535 1634 ἠμύνοντο
556 1558 620 1621 τούς
641 1558 775 1626 ἐπιόντας,
798 1556 857 1642 ᾄμα
876 1560 928 1634 μὲν
947 1557 994 1616 ὕπ’

192 1645 323 1722 ἀσθενίης
341 1646 409 1722 βίου
428 1645 477 1704 οὐκ
491 1646 699 1724 ἐκχωρήσαντες
713 1650 740 1708 ἐς
754 1647 911 1722 Σαλαμῖνα,
925 1645 995 1724 πρός

193 1733 223 1792 δὲ
239 1735 285 1792 καὶ
303 1732 382 1793 αὐτοὶ
401 1733 540 1797 δοκέοντες
561 1734 733 1810 ἐξευρηκέναι
753 1733 786 1793 τά
806 1734 941 1810 μαντήϊον
960 1735 994 1795 ro*

192 1821 211 1897 ἡ
233 1823 326 1898 Πυθίη
347 1829 403 1899 σφι
424 1823 534 1900 ἔχρησε,
555 1823 588 1882 τό
610 1821 722 1891 ξύλινον
741 1825 834 1901 τεῖχος
851 1820 994 1882 ἀνάλωτον

193 1910 318 1980 ἔσεσθαι,
344 1909 411 1971 αὗτό
425 1910 459 1986 δή
476 1915 560 1969 τοῦτο
577 1909 647 1975 εἶναι
663 1909 696 1970 τό
711 1909 908 1990 κρησφύγετον
924 1910 995 1970 κατά

145 1997 225 2058 52τά
251 1997 394 2075 μαντήϊον,
422 1998 468 2056 καὶ
496 1996 527 2056 οὐ
554 1996 604 2061 τάς
635 2001 712 2073 νῆας.
765 2000 802 2056 Οἱ
828 1997 858 2055 δέ
884 1997 996 2074 Πέρσαι

194 2085 314 2162 ἱζόμενοι
336 2086 382 2144 ἐπὶ
401 2084 451 2145 τάν
473 2086 618 2144 καταντίον
638 2089 688 2161 τῆς
709 2083 879 2163 ἀκροπόλιος
899 2083 993 2164 όχθον,

193 2174 243 2233 τόν
256 2173 399 2249 Ἀθηναῖοι
418 2173 552 2231 καλέουσι
568 2171 683 2249 Ἀρήϊον
701 2173 801 2254 πάγον,
816 2172 996 2250 ἐπολιόρκεον

193 2260 299 2338 τρόπον
324 2260 440 2320 τοιόνδε·
468 2260 536 2324 ὅκως
558 2265 691 2321 στυπεῖον
712 2262 775 2337 περὶ
797 2261 861 2324 τούς
883 2260 996 2326 όὶστοιὶς

192 2349 350 2424 περιθέντες
367 2347 475 2426 ἅψειαν,
495 2348 621 2417 ἐτόξευον
635 2353 662 2411 ἐς
679 2348 713 2408 τό
728 2348 856 2429 φράγμα·
878 2350 995 2408 ἐνθαῦτα

193 2433 347 2511 Ἀθηναίων
361 2439 388 2494 οἱ
401 2434 630 2514 πολιορκεόμενοι
644 2435 718 2512 ὅμως
734 2435 881 2512 ἠμύνοντο,
897 2438 995 2514 καίπερ

194 2525 222 2585 ἐς
234 2522 267 2582 τό
282 2524 403 2602 ἐσχατον
419 2528 505 2584 κακοῦ
527 2523 684 2606 ἀπιγμένοι,
702 2524 748 2582 καὶ
764 2528 814 2582 τοῦ
830 2523 995 2604 φράγματος

194 2610 410 2687 προδεδωκότος·
445 2612 507 2672 οὐδὲ
533 2611 636 2692 λόγους
661 2615 717 2672 τῶν
741 2611 995 2690 Πεισιστρατιδέων

194 2699 412 2777 προσφερόντων
432 2701 496 2777 περὶ
519 2698 674 2780 ὁμολογίης
700 2699 865 2760 ἐνεδέκοντο·
896 2698 995 2776 ἀμυνό-

195 2812 274 2864 μενοι
290 2787 319 2847 δέ
337 2787 417 2848 ἀλλα
431 2813 462 2848 τε
480 2786 718 2865 ἀντεμηχανέοντο
736 2789 782 2846 καὶ
797 2787 832 2895 δή
848 2788 894 2866 καὶ
907 2813 995 2864 προσ-

197 2874 293 2937 ιόντων
308 2881 364 2938 τῶν
379 2875 536 2952 βαρβάρων
552 2876 622 2952 πρός
640 2875 689 2938 τάς
702 2875 801 2945 πάλας,
816 2874 995 2955 ολοιτρόχους

195 2961 326 3024 ἀπίεσαν·
348 2962 420 3023 ὥστε
433 2962 542 3039 Ξέρξεα
558 2962 604 3020 ἐπὶ
619 2963 721 3042 χρόνον
737 2963 844 3043 συχνόν
861 2959 995 3042 ἀπορίῂσι

149 3051 187 3109 53
197 3052 351 3130 ἐνέχεσθαι,
366 3050 398 3109 οὐ
415 3048 566 3124 δυνάμενόν
581 3056 673 3126 σφεας
690 3053 772 3111 έλεΐν.
814 3050 913 3129 Χρόνῳ
929 3051 955 3116 δ’,
966 3055 995 3112 ἐκ

196 3141 251 3198 τῶν
266 3136 377 3214 ἀπόρων
391 3135 481 3212 ἐφάνη
495 3134 529 3212 δή
547 3162 589 3200 τις
605 3138 702 3209 ἔσοδος
718 3142 794 3199 τοῖσι
806 3137 994 3216 βαρβάροισι·

199 3223 256 3284 ἐδεε
274 3223 330 3306 γὰρ
351 3222 422 3283 κατὰ
441 3223 475 3283 τό
496 3223 664 3302 θεοπρόπιον
681 3229 778 3286 πᾶσαν
794 3225 847 3299 τήν
865 3225 995 3303 Ἀττικήν
