2294 3430
119 135 123 144 ,
185 126 233 175 ιιι
503 125 685 192 ἯΡοΔοτον
908 129 983 194 [vn.
1116 129 1129 184 ι

186 229 268 281 τερον
278 202 391 279 ταύτης,
397 207 447 280 τῆς
465 203 578 268 ἐλάσιος
593 203 714 284 ὕπαρχοι
728 210 757 266 ἐν
770 209 805 285 τῇ
819 208 925 287 Θρηίκη
939 211 984 270 καὶ

186 295 235 351 τοῦ
245 289 459 365 Ἑλλησπόντου
469 296 608 371 πανταχῆ·
624 289 700 352 οὗτοι
711 291 747 352 ὧν
757 293 864 368 πάντες,
875 296 943 355 οἵτε
953 301 984 357 ἐκ
1059 353 1071 370 ,

185 379 304 454 Θρηίκης
313 380 416 438 καὶτοῦ
426 379 650 456 Ἑλλησπόντου,
659 380 735 456 πλὴν
742 385 792 441 τοῦ
803 387 832 442 ἐν
842 385 982 466 Δορίσκῳ,

183 465 237 526 ύπό
250 465 393 543 Ἑλλήνων
403 467 519 544 ὕστερον
529 467 629 544 ταύτης
642 474 692 544 τῆς
702 471 912 547 στρατηλασίης
922 473 982 551 ἐξη-

183 555 315 630 ρέθησαν·
335 555 385 616 τόν
399 556 428 615 δέ
445 561 473 616 ἐν
487 557 617 636 Δορίσκῳ
634 556 798 634 Μασκάμην
814 557 932 636 οὐδαμοί
943 585 981 620 κω

183 643 376 720 ἐδυνάσθησαν
387 645 497 715 ἐξελεῖν,
506 647 622 704 πολλῶν
631 647 850 722 πειρησαμένων·
864 647 910 706 διὰ
918 653 980 708 τοῦ·

182 757 214 791 το
231 731 262 792 δέ
279 736 305 792 οἱ
322 731 358 792 τό
375 733 449 809 δῶρα
464 733 602 810 πέμπεται
618 733 694 808 παρά
709 737 759 792 τοῦ
776 735 980 808 βασύιεύοντος

135 819 192 879 107
202 821 254 879 αἰεὶ
268 825 296 880 ἐν
310 821 448 900 Πέρσησι
484 823 545 880 Τῶν
559 819 588 879 δέ
602 819 793 897 ἐξαιρεθέντων
805 820 861 881 όπό
876 821 978 902 Ἐλλή-

181 933 234 968 νων
244 907 340 968 οὐδένα
350 907 488 984 βασιλεύς
498 907 603 985 Ξέρξης
614 907 726 984 ἐνόμισε
737 907 805 967 εἶναι
815 909 901 986 ἄνδρα
911 910 977 993 α’γα-

181 995 238 1066 θόν,
254 1001 277 1056 εἰ
294 996 333 1074 μή
348 995 442 1078 Βόγην
457 999 567 1072 μοῦνον,
582 994 631 1055 τόν
648 996 679 1065 ἐξ
695 994 815 1059 Ἠϊόνας·
836 1002 935 1058 τοῦτον
948 1000 978 1060 δὲ

180 1086 275 1145 αἰνέων
295 1085 344 1144 οὐκ
365 1083 490 1154 ἐπαύετο,
513 1085 558 1142 καὶ
577 1083 642 1146 τούς
665 1083 823 1160 περιεόντας
843 1084 928 1146 αύτοῦ
948 1093 984 1148 ἐνι

180 1173 313 1252 Πέρσησι
325 1173 425 1235 παῖδας
439 1172 519 1248 ἐτίμα
531 1170 667 1248 μάλιστα·
685 1171 745 1229 ἐπεὶ
758 1172 804 1230 καὶ
814 1171 890 1241 ἄξιος
900 1176 977 1236 αίνου

179 1261 304 1341 μεγάλου
319 1261 425 1341 ἐγένετο
439 1259 541 1340 Βόγης·
562 1257 593 1321 ὃς
606 1257 699 1334 ἐπειδὴ
715 1260 908 1336 ἐπολιορκέετο
921 1258 975 1324 ύπό

177 1345 330 1423 Ἀθηναίων
344 1349 389 1406 καὶ
403 1348 531 1424 Κίμωνος
543 1351 593 1406 τοῦ
606 1345 774 1415 Μιλτιάδεω,
785 1347 890 1424 παρεόν
904 1349 976 1431 αὐτῷ

174 1415 356 1495 βπόσπονδον
367 1436 489 1504 ἐξελθεῖν
500 1436 545 1493 καὶ
555 1439 694 1509 νοστῆσαι
706 1439 733 1496 ἐς
742 1433 794 1510 τὴν
804 1433 913 1512 Ἀσίην,
926 1439 975 1498 ούκ

179 1523 304 1599 ἐθέλησε,
322 1523 362 1599 μή
383 1522 472 1601 δειλίῃ
493 1521 580 1592 δόξειε
599 1526 732 1599 περιεῖναι
752 1524 880 1598 βασιλέϊ,
898 1525 975 1586 α’λλά

179 1611 346 1688 διεκαρτέρεε
364 1615 391 1672 ἐς
408 1610 441 1670 τό
462 1611 592 1689 ἔσχατον·
615 1609 650 1672 οἷς
668 1607 691 1668 δ’
705 1609 782 1670 οὐδὲν
801 1612 840 1670 ἐτι
861 1617 976 1690 φορβῆς

178 1703 241 1774 ἐνῆν
255 1703 333 1778 ἐντῷ
347 1698 440 1777 τείχεϊ,
456 1697 596 1774 συννήσας
612 1697 701 1774 πυρῆν
717 1697 853 1780 μεγάλην,
868 1701 975 1777 ἔσφαξε

177 1775 213 1844 τά
225 1787 306 1846 τέκνα
320 1788 365 1846 καὶ
377 1786 428 1863 τὴν
441 1790 557 1867 γυναῖκα
568 1787 614 1845 καὶ
626 1785 676 1850 τάς
690 1787 839 1850 παλλακάς
852 1790 897 1848 καὶ
910 1791 975 1854 τούς

177 1873 291 1938 οἰκέτας·
307 1876 352 1935 καὶ
363 1876 457 1935 ἔπειτα
466 1876 590 1951 ἐσέβαλε
601 1880 627 1938 ἐς
637 1874 670 1933 τό
680 1877 745 1950 πῦρ·
758 1874 829 1950 μετά
840 1875 972 1949 δὲταῦτα,

176 1961 225 2022 τόν
233 1964 341 2042 χρυσόν
351 1962 459 2024 ἅπαντα
468 1962 517 2024 τόν
528 1968 557 2022 ἐκ
567 1966 617 2022 τοῦ
628 1961 728 2024 άστεος
738 1963 784 2020 καὶ
793 1963 842 2022 τόν
852 1961 974 2045 ἄργυρον

176 2051 286 2128 ἔσπειρε
304 2051 359 2112 άπό
376 2055 426 2111 τοῦ
443 2052 547 2130 τείχεος
567 2056 593 2114 ἐς
610 2050 660 2110 τόν
680 2049 835 2127 Στρυμόνα,
851 2051 973 2128 ποιήσας

176 2138 206 2197 δέ
227 2143 322 2210 ταῦτα,
345 2140 443 2200 ἑωυτόν
465 2140 588 2214 ἐπέβαλὲ
613 2142 639 2200 ἐς
662 2137 695 2197 τό
721 2141 786 2213 πῦρ.
828 2137 898 2198 οὕτω
920 2143 973 2216 μέν

175 2223 254 2288 οὗτος
268 2227 375 2290 δικαίως
388 2227 505 2286 αἰνέεται
519 2227 557 2285 ἐτι
571 2226 616 2284 καὶ
630 2231 657 2288 ἐς
670 2223 733 2284 τόδε
746 2224 801 2284 ύπό
815 2228 957 2302 Περσέων.

130 2316 187 2372 108
216 2314 320 2390 Ξέρξης
343 2315 372 2374 δέ
396 2319 425 2373 ἐκ
447 2317 498 2374 τοῦ
522 2315 663 2391 Δορίσκου
686 2312 830 2388 ἐπορεύετο
855 2316 900 2372 ἐπὶ
920 2315 973 2390 τὴν

174 2399 310 2460 Ἐλλάδα·
330 2402 395 2465 τούς
413 2401 442 2460 δέ
461 2403 513 2460 αἰεὶ
531 2402 691 2481 γινομένους
707 2400 833 2476 ἐμποδιδν
850 2427 972 2479 συστρα-

174 2486 304 2548 τεύεσθαι
313 2489 458 2571 ἠνάγκαζε·
473 2488 640 2572 ἐδεδούλωτο
653 2487 717 2569 γάρ,
729 2487 764 2552 οἷς
777 2490 823 2547 καὶ
837 2489 973 2568 πρότερόν

174 2601 224 2653 μοι
244 2577 401 2652 δεδήλωται,
423 2576 441 2652 ἤ
464 2577 548 2655 μέχρι
568 2576 732 2652 Θεσσαλίης
755 2580 844 2647 πόσα,
869 2579 914 2636 καὶ
937 2577 972 2654 ἦν

174 2662 228 2724 ύπό
255 2665 381 2740 βασιλέα
411 2662 602 2741 δασμοφόρος,
630 2663 806 2744 Μεγαβάζου
832 2690 864 2724 τε
890 2691 972 2725 κατα-

175 2753 368 2831 στρεψαμένου
382 2754 428 2812 καὶ
444 2751 562 2830 ὕστερον
576 2752 745 2829 Μαρδονίου.
779 2754 972 2830 παραμείβετο

175 2840 205 2899 δέ
224 2840 407 2918 πορευόμενος
428 2845 457 2899 ἐκ
476 2841 625 2916 Δορίσκου,
642 2844 738 2918 πρῶτα
754 2842 805 2917 μέν
823 2839 859 2899 τά
881 2842 972 2917 Σαμο·

175 2929 284 3007 θρηῒκια
293 2930 394 3008 τείχεα,
406 2931 460 2988 τῶν
472 2927 578 3006 ἐσχάτη
587 2927 758 2987 πεπόλισται
767 2926 838 3004 πρός
852 2929 973 3005 ἕσπέρην

173 3016 256 3080 πόλις
269 3021 304 3096 τῇ
319 3015 423 3094 οὔνομά
437 3021 497 3073 ἐστι
514 3017 700 3091 Μεσαμβρίη·
723 3017 815 3094 ἔχεται
829 3015 858 3074 δέ
872 3015 973 3090 ταύτης

174 3107 286 3166 Θασίων
308 3104 398 3178 πόλις,
423 3102 545 3179 Στρύμη·
573 3102 618 3160 διαὶ
641 3101 671 3160 δέ
694 3109 790 3176 σφεων
809 3105 859 3161 τοῦ
882 3103 974 3179 μέσου

175 3193 284 3258 Λίσσος
304 3191 430 3271 ποταμός
450 3189 577 3267 διαρρέει·
599 3187 629 3252 ὃς
648 3188 712 3248 τότε
733 3187 782 3246 ούκ
800 3188 921 3268 ἀντέσχε
940 3189 974 3250 τό

174 3275 245 3356 ὕδωρ
261 3281 390 3360 παρέχων
405 3281 443 3358 τῷ
458 3275 566 3354 Ξέρξεω
582 3279 701 3352 στρατῷ,
715 3273 781 3334 ἀλλ’
795 3274 920 3336 ἐπέλιπε·
954 3275 974 3348 η’
