2204 3430
159 145 190 192 αα
468 141 651 192 Ἧνοιοτον
899 140 962 205 [vl.

158 223 238 292 κακαὶ,
252 221 364 301 χιλίῃσι
378 221 531 299 δραχμῇσι·
546 220 593 278 καὶ
603 217 739 289 ἐπέταξαν
747 220 847 297 μηκέτι
856 221 964 298 μηδένα

157 310 284 388 χρᾶσθαι
296 307 384 386 τούτῳ
397 313 435 386 τῷ
448 307 574 384 δράματι.
805 325 820 350 ‘

110 397 148 456 22
200 397 330 472 Μίλητος
343 396 394 470 μέν
408 421 456 454 νυν
470 396 621 471 Μιλησίων
635 392 770 472 ἐρήμωτο.
806 395 919 472 Σαμίων
932 397 963 456 δέ

157 484 236 543 τοῖσί
261 509 288 543 τι
318 483 414 562 ἔχουσι
437 481 470 543 τά
493 484 546 559 μὲν
569 486 596 545 ἐς
618 481 682 544 τούς
711 481 826 557 Μήδους
851 487 881 542 ἐκ
907 488 963 544 τῶν

156 573 322 652 στρατηγῶν
341 573 396 630 τῶν
413 571 558 648 σφετέρων
575 569 691 645 ποιηθὲν
708 567 833 646 οὐδαμῶς
846 569 960 646 ἤρεσκε.

105 733 107 736 v
156 657 247 718 ἐδόκεε
258 659 287 716 δέ
295 657 368 735 μετοὶ
377 657 429 734 τὴν
439 657 596 736 ναυμαχίην
606 655 705 716 αύτίκα
715 658 960 734 βουλευομένοισι,

157 747 223 822 πρὶν
242 744 261 821 ἤ
282 751 337 822 σφι
359 751 386 809 ἐς
405 745 458 820 τὴν
477 745 570 824 χώρην
587 743 739 804 ἀπικέσθαι
758 743 808 803 τάν
826 743 961 821 τύραννον

155 830 260 892 Αἰάκεα
275 838 301 896 ἐς
315 833 444 908 ἀποικίην
455 833 589 902 ἐκπλέειν,
603 831 674 908 μηδὲ
686 832 820 908 μένοντας
833 832 962 908 Μήδοισί

155 946 186 979 τε
213 922 259 979 καὶ
280 920 378 980 Αἰάκεϊ
399 919 551 980 δουλεύειν.
594 922 747 1000 Ζαγκλαῖοι
770 918 826 998 γάρ
851 923 878 978 οἶ
902 919 959 980 άπδ

156 1009 284 1084 Σικελίης
296 1007 346 1068 τδν
360 1007 445 1068 αὐτῶν
458 1007 561 1086 χρόνον
577 1011 678 1090 τοῦτον(
697 1007 853 1082 πέμποντες
867 1012 894 1070 ἐς
907 1008 959 1084 τὴν

154 1093 258 1172 Ἰωνίην
273 1095 411 1177 ἀγγέλους
429 1095 613 1154 ἐπεκαλέοντο
630 1093 801 1156 τοδςἼωνας
815 1098 842 1156 ἐς
856 1095 959 1172 Καλὴν

152 1181 262 1259 Ἀκτὴν,
277 1181 451 1259 βουλόμενοι
469 1180 567 1240 αὐτόθι
580 1181 666 1241 πάλιν
682 1182 776 1240 κτίσαι
789 1180 897 1242 Ἰάνων.
938 1183 958 1260 ὴ

155 1269 184 1328 δέ
205 1271 291 1345 Καλὴ
313 1268 383 1344 αὕτη
398 1268 485 1344 Ἀκτὴ
503 1269 658 1344 καλεομένη
676 1269 737 1328 ἐστι
754 1271 806 1344 μὲν
824 1270 956 1340 Σικελῶν,

153 1355 222 1433 πρὸς
236 1357 265 1415 δὲ
278 1357 434 1432 Τυρσηνίην
443 1357 617 1432 τετραμμένη
627 1360 678 1432 τῆς
689 1356 827 1431 Σικελίης.
853 1357 958 1418 τούτων

153 1443 189 1502 ὧν
204 1444 432 1519 ἐπικαλεομένων,
447 1446 473 1502 οἱ
491 1443 592 1520 Σάμιοι
608 1447 707 1520 μοῦνοι
721 1442 819 1504 Ἰάνων
836 1442 956 1522 ἐστάλη-

105 1533 143 1590 23
154 1557 209 1590 σαν
223 1531 276 1591 σύν
293 1530 325 1589 δέ
342 1538 398 1607 σφι
414 1532 565 1608 Μιλησίων
579 1534 605 1590 οἱ
620 1531 830 1612 ἐκπεφαιγάτες.
871 1532 920 1593 Ἐν
935 1533 956 1614 ᾧ

151 1617 257 1678 τοιόνδε
274 1619 308 1694 δή
320 1645 347 1678 τι
361 1619 503 1695 συνήνεικε
521 1619 664 1700 γενέσθαι·
686 1617 788 1696 Σάμιοι
803 1619 858 1700 γάρ
878 1647 955 1697 κομι-

154 1705 263 1781 ζόμενοι
291 1711 318 1770 ἐς
345 1707 474 1784 Σικελίην
501 1707 624 1788 ἐγίνοντο
658 1711 686 1766 ἐν
712 1711 850 1783 Λοκροῖσι
876 1712 955 1769 τοῖσι

151 1792 383 1872 Ἐπιζεφυρίοισι,
398 1796 442 1854 καὶ
459 1799 615 1877 Ζαγκλαῖοι
629 1794 711 1855 αὐτοί
726 1819 757 1854 τε
778 1795 824 1854 καὶ
837 1794 854 1855 ά
866 1797 953 1872 βασι-

150 1881 215 1944 λεύς
239 1882 336 1953 αὐτῶν,
361 1882 526 1962 τῷούνομα
549 1881 585 1958 ἧν
612 1880 729 1958 Σκύθης,
756 1882 953 1959 περιεκατέατο

150 1967 235 2030 πάλιν
254 1974 310 2030 τῶν
331 1973 453 2036 Σικελῶν
475 1971 579 2040 ἐξελεῖν
596 1968 779 2046 βουλόμενοι·
806 1970 902 2046 μαθῶν
922 1971 953 2031 δέ

149 2061 236 2118 ταῦτα
249 2057 265 2118 ά
279 2058 392 2139 Ῥηγίου
409 2058 540 2135 τύραννος
556 2056 731 2126 Ἀναξίλεως,
744 2057 809 2116 τότε
826 2057 877 2117 ἐῶν
895 2058 951 2118 διά-

154 2151 241 2222 φορος
254 2151 330 2206 τοῖσι
345 2146 539 2226 Ζαγκλαίοισι,
559 2143 700 2220 συμμίξας
720 2147 797 2203 τοῖσι
817 2144 951 2220 Σαμίοισι

149 2231 291 2293 α’ναπείθει
312 2233 347 2296 ῶς
367 2231 452 2310 χρεδν
474 2232 515 2306 εἴη
537 2229 639 2305 Καλὴν
659 2233 710 2305 μὲν
730 2229 833 2307 Ἀκτὴν
854 2231 896 2290 ἐπ’
916 2233 951 2309 ἢν

149 2321 249 2381 ἔπλεον
270 2324 318 2379 εὀῖν
338 2320 453 2397 χαίρειν,
470 2318 522 2393 τὴν
542 2317 571 2376 δὲ
593 2316 724 2398 Ζάγκλην
744 2323 825 2398 σχεῖν
847 2323 950 2380 ἐοῦσαν

149 2412 252 2484 ἐρῆμον
279 2407 394 2482 ἀνδρῶν·
429 2405 599 2483 πειθομένων
625 2405 655 2464 δέ
681 2409 735 2466 τῶν
763 2407 875 2483 Σαμίων
903 2409 950 2466 καὶ

147 2495 274 2573 σχόντων
299 2494 352 2569 τὴν
376 2493 515 2574 Ζάγκλην,
543 2495 661 2554 ἐνθαῦτα
682 2496 709 2552 οἱ
736 2495 890 2574 Ζαγκλαῖοι
914 2493 950 2558 ῶς

148 2581 282 2640 ἐπύθοντο
297 2580 431 2660 ἐχομένην
443 2581 495 2656 τὴν
505 2581 590 2641 πάλιν
601 2584 713 2651 ἑωυτῶν,
727 2580 863 2656 ἐβοήθεον
877 2581 949 2661 αὐτῇ

147 2670 193 2727 καὶ
214 2670 395 2729 ἐπεκαλέοντο
414 2669 600 2748 Ἱπποκράτεα
621 2667 672 2728 τάν
689 2669 779 2744 Γέλης
800 2667 946 2746 τύραννον·

146 2756 181 2832 ἦν
198 2757 252 2838 γάρ
272 2758 307 2838 δή
328 2765 383 2836 σφι
399 2757 480 2823 οὗτος
493 2757 654 2836 σύμμαχος·
676 2756 738 2815 ἐπεί
748 2781 779 2815 τε
793 2757 822 2814 δὲ
835 2754 948 2816 αὐτοῖσι

148 2845 193 2904 καὶ
213 2844 229 2905 ά
249 2845 434 2925 Ἱπποκράτης
457 2847 510 2908 σύν
532 2848 570 2923 τῇ
592 2845 711 2921 στρατιῇ
734 2841 785 2919 ἦκε
807 2843 946 2920 βοηθέων,

145 2933 255 3011 Σκύθην
272 2938 324 3012 μὲν
341 2936 390 2995 τδν
410 2934 571 3012 μούναρχον
586 2935 640 2990 τῶν
654 2931 817 3010 Ζαγκλαίων
833 2929 947 3006 α’ποβα-

144 3022 231 3083 λόντα
252 3024 303 3102 τὴν
324 3023 409 3084 πόλιν
430 3021 446 3082 ά
468 3017 654 3094 Ἱπποκράτης
674 3017 807 3093 πεδήσας,
829 3017 875 3076 καὶ
895 3018 947 3079 τδν

143 3109 281 3188 α’δελφεδν
303 3112 388 3172 αὐτοῦ
411 3108 583 3189 Πυθογένεα,
607 3109 634 3168 ἐς
647 3104 756 3166 Ἴνυκον
776 3105 861 3164 πόλιν
877 3104 946 3166 α’πέ·

145 3208 245 3279 πεμψε·
265 3200 329 3264 τούς
349 3200 379 3259 δέ
399 3197 515 3260 λοιπούς
537 3193 719 3274 Ζαγκλαίους,
740 3193 945 3272 κοινολογησά-

149 3309 223 3352 υενος
241 3291 318 3350 τοῖσι
331 3287 465 3366 Σαμίοισι
478 3284 525 3346 καὶ
539 3279 636 3357 ὅρκους
649 3278 714 3342 δούς
727 3279 772 3338 καὶ
786 3277 944 3355 δεξάμενος,
