2280 3432
177 117 319 220 ιιι-ιη]
484 87 671 164 ιιοιτκαιι.
864 161 868 170 ,
928 114 975 160 215

177 197 266 256 σόντα
280 201 307 259 ἐς
323 196 374 256 τᾶν
392 195 494 273 ὅμιλον
510 195 716 304 διαφθαρῆναι·
727 191 933 271 Αριστόδημον
946 193 976 252 δὲ

176 283 400 363 λειποψυχέοντα
426 283 584 359 λειφθῆναι
629 285 652 340 εἰ
677 281 730 366 μέν
741 299 801 340 νυν
819 278 855 356 ἦν
874 283 977 357 μοὺνον

177 369 382 480 Ἀριστόδημον
393 369 589 477 άλγήσαντα’
571 373 768 477 απονορτῆσαι
780 373 807 431 ές
817 361 1017 444 Σττοίρτηνή,θ

104 507 107 520 ,
133 531 138 538 Ι
178 484 224 516 και
214 457 313 536 ὁμοῦ
331 460 428 536 σφέων
447 458 614 536 ἀμφοτέρων
633 457 686 532 τήν
706 455 822 533 κομιδήν
837 456 977 536 γενέσθαι,

108 587 111 598 ‚
178 545 281 625 δοκέειν
295 548 365 624 ε’μοὶ,
379 546 430 606 οὑκ
443 544 478 606 ἅν
487 552 543 622 σφι
559 544 735 622 Σπαρτιήτας
751 547 835 620 μήνιν
850 542 1012 620 οὑδεμίανιιι

177 636 366 712 προσθέσθαι·
399 635 459 695 νυνὶ
479 635 517 704 δὲ,
537 636 588 693 τοὺ
610 636 663 709 μὲν
683 631 772 692 αὑτῶν
792 631 977 708 ἀπολομένου,

177 725 228 780 τοὺ
242 723 271 780 δὲ
284 726 335 796 τῆς
343 724 395 797 μὲν
404 721 490 796 αὑτῆς
504 722 637 799 ἐχομένου
647 720 809 797 προφάσιος
822 719 872 780 οὑκ
884 720 978 796 ε’θελή-
995 735 1000 754 s
1016 737 1023 753 ¹

179 834 281 871 σαντος
292 809 321 866 δὲ
331 807 528 883 α’ποθνήσκειν,
538 807 692 888 ἀναγκαίως
706 814 763 882 σφι
776 809 849 885 ἔχειν
861 807 979 884 μηνίσαι

178 895 307 977 μεγάλως
318 893 522 974 Ἀριστοδήμῳ.
565 899 602 954 Οἱ
619 895 671 970 μέν
687 921 735 954 νυν
751 894 821 954 οὕτω
835 889 1044 969 σωθῆναι230·

178 985 297 1064 λέγουσι
307 981 513 1059 Ἀριστόδημον
527 989 555 1046 ές
565 981 705 1058 Σπάρτην,
718 983 764 1040 καὶ
778 981 823 1040 διαὶ
833 981 980 1057 πρόφασιν

179 1070 296 1146 τοιήνδε·
319 1073 346 1128 οἱ
366 1070 395 1128 δὲ
414 1066 538 1152 ἄγγελον
558 1070 724 1146 πεμφθέντα
741 1075 771 1128 ἐκ
791 1073 841 1128 τοῦ
861 1094 979 1145 στρατο
1016 1077 1021 1089 '

179 1159 271 1232 πέδου,
288 1157 365 1228 ε’ξεδν
381 1157 454 1237 αὑτῷ
468 1159 641 1234 καταλαβεῖν
653 1157 714 1232 τήν·
718 1157 813 1234 μάχην
823 1157 978 1237 γινομένην,

181 1245 230 1305 οὑκ
250 1247 386 1322 ε’θελῆσαι
408 1245 472 1305 ἀλλ’
490 1245 677 1322 ὑπομείναντα
694 1250 723 1304 ἐν
742 1247 779 1323 τῇ
798 1243 852 1322 ὁδῷ
872 1270 979 1326 περιγε-

181 1334 287 1394 νέσθαι·
308 1335 355 1395 τόν
372 1334 403 1393 δὲ
419 1332 595 1414 συνάγγελον
609 1331 695 1392 αὑτοῦ
707 1331 875 1408 ἀπικόμενον
889 1337 917 1394 ἐς
929 1331 981 1408 τήν

180 1420 274 1501 μάχην
294 1422 453 1483 οἷποθανεῖν.
494 1419 709 1496 Ἀπονοστήσας
729 1421 759 1479 δὲ
779 1425 807 1482 ε’ς
827 1420 959 1478 Λακεδαί-
970 1423 1025 1480 231

180 1535 254 1585 μονα
274 1510 290 1570 6
310 1509 515 1588 Ἀριστόδημος
539 1507 642 1572 ὄνειδός
661 1533 693 1568 τε
714 1507 772 1587 εἶχε
793 1509 839 1566 καὶ
860 1507 980 1584 ἀτιμίην,

181 1597 299 1678 πάσχων
312 1599 341 1657 δὲ
354 1597 448 1658 τοιάδε
461 1597 593 1674 ήτίμωτο·
617 1595 680 1657 οὔτε
694 1599 721 1657 οἱ
734 1601 789 1674 πῦρ
804 1595 891 1658 οὐδεὶς
904 1597 982 1656 ἔναυε
1004 1605 1023 1628 ”

183 1685 375 1762 Σπαρτιητέων
405 1684 469 1746 οὔτε
502 1685 651 1766 διελέγετο,
685 1683 789 1747 ὄνειδός
815 1709 846 1742 τε
879 1683 937 1763 εἶχε
964 1684 981 1744 6

181 1773 281 1848 τρέσας
293 1773 497 1851 Ἀριστόδημος
516 1773 693 1849 καλεόμενος·
715 1770 813 1830 α’λλ’·θ
831 1773 883 1848 μὲν
900 1777 929 1830 ἐν
945 1777 982 1851 τῇ
1005 1793 1007 1802 ’

183 1863 212 1918 έν
238 1865 404 1938 Πλαταιῇσι
429 1861 508 1937 μάχη
534 1859 659 1934 ἀνέλαβε
679 1856 775 1918 πᾶσαν
801 1858 853 1934 τήν
874 1865 981 1938 ἐπενεχ-

184 1944 280 2004 θεῖσάν
294 1949 321 2004 οἱ
334 1947 433 2020 αἰτίην.
474 1947 593 2026 Λέγεται
607 1947 637 2003 δὲ
650 1945 696 2002 καὶ
709 1944 799 2004 ἄλλον
812 1945 961 2021 α’ποπεμφ·
971 1949 1029 2006 232

184 2032 266 2092 θέντα
279 2031 403 2114 ἄγγελον
416 2037 444 2093 ἐς
456 2031 621 2107 Θεσσαλίην
632 2034 689 2092 τῶν
700 2032 868 2108 τριηκοσίων
880 2032 983 2092 τούτων

183 2121 446 2200 περιγενέσθαι,
406 2145 446 2198 τιμ
469 2117 577 2234 ρὺνομα
600 2119 670 2180 εἶναι
690 2119 841 2194 Παντίτην·
884 2118 1004 2196 νοστή-

183 2235 273 2270 σαντα
294 2212 324 2272 δὲ
343 2213 443 2272 τοῦτον
464 2213 492 2272 ἐς
514 2206 705 2286 Σπάρτην,
684 2233 720 2270 ως
739 2205 869 2284 ἠτίμωτο,
893 2205 980 2290 6666-

183 2299 296 2368 ξασθαι.

185 2390 262 2446 ὓὶ
282 2387 312 2446 δὲ
332 2388 525 2499 Θηβρῖοι,
484 2411 540 2446 των
560 2411 576 2446 ο
568 2382 799 2462 Λεοντιάδης’
786 2382 1032 2466 εστρατήγεε,233

183 2474 249 2536 τέως
267 2477 319 2550 μὲν
338 2475 411 2552 μετοὶ
429 2501 484 2535 των
504 2471 698 2548 Ἑλλήνων’
669 2497 759 2535 εοντες
779 2471 918 2550 ἐμάχοντο
937 2472 1001 2531 ὑπ”

184 2559 334 2641 ἀναγκαίης
354 2563 483 2643 ἐχόμενοι
506 2560 576 2638 πρὺς
592 2560 654 2668 τήν
673 2559 813 2636 βασιλέος
841 2558 985 2670 ιητρατιήν·

185 2646 221 2710 ὥς
233 2649 263 2707 δὲ
277 2649 349 2710 εἶδον
364 2651 551 2727 κατυπέρτερα
567 2652 622 2708 τῶν
634 2641 776 2725 Περσέων
795 2649 928 2730 γινόμενα
947 2647 1010 2708 πθ

184 2735 345 2816 πρήγματα,
371 2737 441 2798 οὑτω
469 2736 503 2812 δή
529 2741 585 2796 τῶν
614 2735 668 2795 οὑν
691 2736 814 2814 Λεωνιδη
841 2735 986 2811 Ελλήνων

185 2824 369 2903 ἐπειγομένων
389 2826 435 2885 ἐπὶ
454 2823 505 2884 τὺν
527 2823 660 2894 κολωνόν,
681 2821 904 2902 ἀποσχισθέντες
923 2821 985 2882 τοὺ-
1007 2819 1010 2826 ’

46 2893 132 2969 πωθϋ
184 2935 247 2980 των,
271 2910 366 2988 χεῖράς
389 2937 420 2972 τε
446 2912 604 2990 προέτεινον
628 2911 674 2970 καὶ
700 2909 787 2986 ἤϊσαν
814 2910 908 2970 ἆσσον
932 2914 987 2971 τῶν

56 2991 144 3062 6224
185 2997 350 3076 βαρβάρων,
374 2997 554 3080 λέγοντες
521 3025 572 3059 τον
596 2999 848 3075 ἀληθέστατον
809 3023 865 3056 των
833 2976 984 3076 ᾗλόγων,

186 3084 222 3148 ὥς
242 3111 288 3143 και
278 3085 515 3162 μηδίζουσι
471 3111 517 3144 και
536 3091 591 3166 γῆν
606 3111 637 3146 τε
654 3113 700 3145 και
689 3086 818 3162 ὑδωρ’
805 3109 835 3144 εν
851 3083 987 3161 πρώτοισι

185 3173 287 3234 ἔδοσαν
298 3175 429 3252 βασιλέϊ,
442 3173 497 3234 ὑπὸ
517 3174 547 3232 δὲ
564 3172 716 3256 άναγκαίης
732 3173 860 3251 ἐχόμενοι
878 3177 905 3235 ε’ς
918 3177 986 3250 Θερ-

183 3261 315 3336 μοπθλας
332 3262 487 3334 ἀπικοίατο,
503 3259 550 3320 καὶ
567 3259 686 3321 ἀναίτιοι
704 3260 758 3320 εἶεν
775 3263 826 3320 τοὺ
843 3257 982 3338 τρώματος
