2280 3432
184 95 232 145 ιιι
491 90 674 141 ‘ammom
893 88 986 154 [vm.

184 174 274 234 ἐθέλει
288 172 352 233 οὐδὲ
364 172 382 234 ὅ
394 173 457 236 θεός
469 171 660 250 προσχωρέειν
669 168 740 248 πρός
749 169 800 235 τάς
809 168 986 248 ἀνθρωπηίας

63 334 65 338 Ι
136 261 172 320 61
183 259 304 339 γνώμας.
345 264 439 320 Ταῦτα
461 259 594 340 λέγοντος
615 258 846 334 Θεμιστοκλέους,
870 257 947 321 αιίτις
970 259 988 318 ὁ

184 349 333 426 Κορίνθιος
347 346 527 424 Ἀδείμαντος
545 345 704 423 ε’πεφέρετο,
719 349 805 426 σιγᾶν
819 372 851 406 τε
869 345 988 406 κελεύων

183 438 222 513 τῷ
240 435 281 512 μή
302 440 363 495 ε’στι
383 435 483 512 πατρὶς
499 434 545 493 καὶ
562 432 741 512 Εὐρυβιάδεα
757 432 807 494 οὐκ
824 438 875 495 ε’ῶν
888 438 988 510 ἐπιψη-

185 523 276 599 φίζειν
299 521 385 584 ἀπόλι
405 521 492 599 άνδρί·
523 521 608 583 πόλιν
633 521 689 603 γάρ
715 520 766 582 τόν
791 523 989 597 Θεμιστοκλέα

187 609 388 689 παρεχόμενον,
407 608 477 670 οὕτω
495 609 605 670 ἐκέλευε
621 608 733 690 γνώμας
750 608 986 686 συμβαλλεσθαι·

186 700 275 758 ταῦτα
294 697 327 757 δέ
346 701 372 758 οἱ
391 698 540 775 προέφερε,
560 696 604 757 ὅτι
619 696 768 772 ήλιόκεσάν
783 696 877 757 τεκαὶ
898 697 987 757 κατεί-

184 810 271 864 χοντο
286 787 317 845 αἱ
330 784 456 862 Ἀθῆναι.
496 783 560 846 τότε
577 784 611 860 δή
631 783 647 843 ό
665 784 874 861 Θεμιστοκλέης
898 784 989 844 κεῖνόν

185 897 216 932 τε
240 873 287 932 καὶ
306 873 371 936 τούς
388 872 553 950 Κορινθίους
571 870 669 931 πολλά
686 895 717 931 τε
740 872 786 930 καὶ
807 870 878 930 κακά
897 872 987 952 ἔλεγε·

185 962 315 1021 ἔωυτσῖσί
328 986 359 1021 τε
376 960 477 1036 ἐδήλου
493 959 571 1042 λόγῳ
589 959 624 1024 ὥς
641 960 683 1036 εἴη
702 959 748 1018 καὶ
767 957 852 1022 πόλις
879 959 925 1018 καὶ
948 963 988 1039 yffi

185 1048 274 1124 μέζων
286 1047 358 1126 ἥπερ
369 1049 493 1117 κείνοισι,
507 1046 565 1108 ἔστ’
576 1045 610 1106 ἂν
620 1045 760 1121 διηκόσιαι
773 1047 836 1122 νῆές
849 1051 905 1121 σφι
920 1047 987 1108 ἔωσι

186 1137 410 1214 πεπληρωμέναι·
432 1133 568 1211 οὐδαμσθς
585 1133 640 1216 γάρ
652 1133 796 1209 Ἑλλήνων
814 1131 913 1197 αὐτοῦς
929 1139 987 1194 ἐπι-

140 1224 177 1282 62
186 1221 268 1288 όνπας
280 1223 519 1301 ἀποκρούσεσθαι.
554 1221 700 1298 Σημαίνων
714 1219 744 1279 δὲ
756 1224 852 1293 ταῦτα,
863 1219 989 1301 τῷλόγῳ

186 1310 308 1387 διέβαινε
317 1317 344 1376 ές
352 1310 530 1388 Εὐρυβιάδεα
542 1310 632 1390 λέγων
638 1312 753 1386 μᾶλλον
760 1309 986 1386 ἐπεστραμμένα·

187 1408 205 1434 “
213 1398 251 1458 σθ
262 1403 286 1459 εἰ
294 1399 398 1476 μενέεις
406 1396 499 1466 αὖτοΰ,
508 1397 554 1456 καὶ
563 1397 652 1472 μένων
663 1397 740 1456 ἔσεαι
749 1395 819 1472 ἀνήρ
829 1395 987 1504 ἀγαθός·-

187 1511 211 1545 ει
203 1485 315 1545 δὲ
275 1512 325 1563 μη,
339 1483 548 1562 ἀνατρέψεις
513 1510 566 1559 την
577 1482 714 1542 Ελλάδα·
734 1510 768 1543 το
782 1486 838 1543 πᾶν
850 1482 905 1563 γάρ
919 1483 988 1560 ημῖν

185 1599 236 1632 του
223 1573 384 1654 πολέμου
382 1573 555 1680 φέρρυσι“
528 1597 557 1629 αι
570 1575 641 1646 νῆες.
683 1570 749 1678 ἀλλ
763 1571 825 1647 ἐμοὶ
837 1571 941 1632 πειθεο·
963 1575 988 1630 εἰ

186 1659 217 1720 δε
229 1663 317 1720 ταῦτα
334 1658 375 1736 μή
391 1655 526 1734 ποιήσεις,
540 1657 620 1736 ημεῖς
636 1660 696 1736 μὲν,
711 1657 746 1722 ὦς
760 1659 868 1737 ἔχομεν,
882 1656 988 1718 σῖναλα·

187 1745 288 1822 βάντες
308 1773 373 1811 τους
395 1747 508 1820 οἰκέτας,
532 1745 736 1860 κομιεύμεθα’
724 1772 751 1810 ες
779 1747 857 1822 Σίριν
883 1743 935 1820 τήν
957 1750 988 1806 ε’ν

185 1833 333 1914 Ἰταλίη,
314 1859 385 1912 ηπερ
388 1833 520 1946 ήμετέρη
532 1835 565 1894 τέ
577 1835 641 1894 έστι
652 1839 682 1893 ἐκ
695 1835 818 1892 παλαιοῦ
832 1833 936 1905 ἔτι,
892 1858 938 1891 και
950 1833 988 1892 τοὶ

191 1923 276 2005 λόγια
289 1923 396 2032 λέγει
380 1921 425 1983 υπ’
439 1922 531 2000 ήμέων
549 1921 635 1998 αιἠ-ήν
648 1921 718 1981 δέειν
732 1919 925 1994 κτισθῆναι·
909 1923 989 1996 υμεῖς

185 2011 215 2072 δὲ
231 2012 387 2091 συμμάχων
403 2011 515 2071 τοιωνδε
532 2011 718 2088 μουνωθέντες
735 2005 970 2084 μεμνήσεσθε
931 2033 987 2068 των

139 2100 201 2159 63
188 2125 261 2177 εμων
287 2100 343 2182 λόγ
343 2097 405 2159 ων.”
445 2101 541 2157 Ταῦτα
560 2097 590 2156 δὲ
614 2096 820 2174 Θεμιστοκλέος
846 2095 987 2176 λέγοντος,

78 2205 81 2215 “
186 2185 380 2247 ἀνεδιδάσκετο
393 2184 580 2261 Ευρυβιάδης·
596 2185 700 2244 δοκέειν
713 2184 744 2243 δέ
755 2208 813 2260 μοι,
823 2180 989 2289 ἀρρωδήσας

185 2273 313 2350 μάλιστα
333 2298 397 2335 τους
424 2270 587 2346 Ἀθηναίους
607 2270 810 2340 ἀνεδιδάσκετο,
832 2268 873 2347 μή
895 2275 988 2344 σφεας

186 2359 357 2434 ιίπολίπωσι,
379 2357 414 2436 ἢν
433 2356 504 2436 πρός
520 2357 570 2420 τόν
586 2358 703 2436 Ἰσθμόν
723 2357 814 2439 α’νάγη
837 2356 887 2420 ταὶς
910 2361 987 2432 νῆας·

186 2447 381 2508 ἀπολιπόντων
399 2445 454 2528 γάρ
475 2444 636 2522 Ἀθηναίων,
658 2446 749 2506 οὐκέτι
769 2445 892 2527 ε’γίνοντο
913 2443 988 2514 άξιό·

187 2561 276 2614 μαχσι
296 2538 323 2595 οἱ
343 2535 448 2594 λοιποί·
472 2532 576 2610 ταύτην
596 2534 625 2594 δὲ
647 2534 767 2612 αἱρέεται
789 2531 841 2609 τήν
862 2530 984 2613 γνώμην,

186 2621 272 2683 αὐτοῦ
284 2623 418 2700 μένοντας
431 2622 650 2700 διαναυμαχέειν.

139 2712 177 2772 64
221 2710 301 2772 Οὕτω
326 2713 379 2789 μὲν
405 2713 432 2771 οἱ
458 2710 522 2787 περὶ
552 2711 700 2785 Σαλαμῖνα
726 2708 806 2768 ἔπεσι
836 2705 987 2784 ἀκροβολι-

187 2799 314 2878 σάμενοι,
329 2800 391 2870 ἐπεί
400 2824 432 2859 τε
444 2795 608 2874 Εὐρυβιάδῃ
621 2795 705 2866 ἔδοξε,
720 2795 805 2856 αὐτοῦ
817 2793 989 2872 παρεσκευά-

186 2889 267 2960 ζοντο
282 2887 317 2952 ὥς
329 2884 566 2964 ναυμαχήσοντες·
587 2883 677 2960 ήμέρη
694 2909 725 2944 τε
743 2883 856 2964 ἐγίνετο,
870 2882 917 2941 καὶ
929 2880 990 2958 ἅμα

185 2979 224 3054 τῷ
241 2975 312 3054 ήλίιρ
328 2972 433 3034 οἷνιόνπι
451 2969 570 3046 σεισμός
588 2971 696 3050 ἐγένετο
710 2972 738 3030 ἔν
749 2996 781 3032 τε
793 2996 829 3049 πη
842 2974 880 3051 γῇ
894 2970 940 3028 καὶ
953 2973 990 3048 τῇ

189 3060 333 3137 θαλάσση·
362 3058 438 3128 ἔδοξε
454 3057 486 3115 δέ
502 3062 558 3130 σφι
576 3055 711 3126 εὔξασθαι
725 3059 802 3116 τοῖσι
823 3056 922 3126 θεοῖσι,
942 3056 991 3114 καὶ

189 3146 414 3206 ἐπικαλέσασθαι
426 3143 490 3206 τούς
504 3143 635 3206 Αἰακιδας
645 3143 821 3222 συμμάχους·
836 3141 871 3205 ιός
887 3142 919 3200 δέ
931 3149 989 3217 σφι

191 3233 273 3304 Ιἔδοξε,
291 3233 337 3292 καὶ
356 3232 464 3292 ε’ποίευν
477 3233 575 3290 ταῦτα·
596 3229 740 3306 εὐξάμενοι
752 3228 807 3309 γὰρ
820 3232 893 3287 πᾶσι
911 3231 990 3288 τοῖσι
