2280 3432
170 97 318 162 ,ιιι-ιιι]
513 93 666 145 οιιιυιι.
869 105 872 110 ·
927 93 975 146 οτι

168 179 278 256 .ιίνδρου
293 177 348 259 γάρ
367 175 509 252 ἀδελφεήν
526 168 666 256 Γυγαίην,Ι
678 171 819 252 Ἀμύντεω
840 173 870 234 δέ
892 174 975 256 θυγα-

175 268 252 344 τέρα,
285 264 435 341 Βουβάρης
461 262 531 340 οἷνήρ
564 263 680 340 Πέρσης
709 263 785 341 ἔσχε,
816 266 847 321 ἐκ
872 265 923 338 τῆς
949 265 977 322 οἱ

176 353 302 435 ἐγεγόνεε
321 351 459 430 Ἀμύντης
479 351 495 412 ὁ
516 357 545 412 ἐν
564 355 600 430 τῇ
619 350 711 430 Ἀσίῃ,
728 351 797 428 ἔχων
816 349 849 410 τδ
871 349 975 427 οὕνομα

175 447 226 503 τοῦ
240 441 460 519 μητροπάτορος·
480 443 519 518 τῷ
537 439 572 515 δή
589 445 618 498 ἐκ
636 439 776 515 βασιλέος
793 442 843 514 τῆς
855 439 976 519 Φρυγίης

176 529 259 606 ἐδόθη
275 528 442 606 Ἀλάβανδα
462 526 546 590 πόλις
560 525 672 608 μεγάλη
691 526 846 606 νέμεσθαι·)
867 525 926 603 ἅμα
946 525 976 584 δὲ

176 615 192 676 o‘
206 616 372 694 Μαρδόνιος,
383 614 539 691 πυθόμενος
551 613 595 674 ὅτι
607 613 740 692 πρόξενός
749 640 780 674 τε
788 612 830 690 εἴη
844 614 890 672 καὶ
903 612 976 691 εὐερ-

175 704 258 783 γέτης
277 703 293 762 ὁ
308 701 500 779 Ἀλέξανδρος,
520 702 634 778 ἔπεμπε·
654 701 720 764 τοδς
738 701 794 782 γάρ
811 701 977 778 Ἀθηναίους

176 788 247 849 οὕτω
266 787 357 849 ἐδόκεε
373 788 502 865 μάλιστα
518 787 759 865 προσκτήσεσθαι,
776 789 847 848 λεών
860 815 891 848 τε
903 793 974 848 πολ·

175 875 229 936 λδν
246 874 301 954 άρα
318 874 424 936 οἷκοόων
440 875 509 936 εἶναι
528 874 574 934 καὶ
590 874 719 951 ἄλκιμον,
732 875 768 934 τά
786 901 817 934 τε
839 876 909 935 κατοὶ
924 876 976 952 τήν

176 962 329 1023 θάλασσαν
356 961 529 1042 συντυχόντα
553 967 609 1037 σφι
629 961 783 1038 παθήματα
804 965 976 1042 κατεργασα-

176 1052 275 1126 μένους
300 1049 428 1126 μάλιστα
452 1049 616 1126 Ἀθηναίους
638 1049 782 1108 ἐπίστατο·
816 1049 920 1109 τούτων
946 1051 976 1109 δὲ

176 1138 416 1219 προσγενομένων,
437 1136 590 1214 κατήλπιζε
610 1135 741 1200 εὐπετέως
760 1139 810 1211 τῆς
826 1136 977 1213 θαλάσσης

177 1223 335 1302 κρατήσειν,
348 1224 437 1302 τάπερ
453 1222 488 1285 ἂν
506 1225 552 1284 καὶ
570 1223 614 1300 ἦν·
634 1223 706 1301 πεζῇ
718 1248 749 1283 τε
762 1223 854 1282 ἐδόκεε
866 1225 977 1284 πολλόν

178 1313 247 1374 εἶναι
263 1314 401 1391 κρέσσων·
426 1311 496 1374 οὕτω
514 1337 545 1372 τε
565 1312 707 1392 ἐλογίζετο
721 1309 876 1388 κατύπερθέ
895 1314 922 1370 οἱ
939 1312 975 1372 τοὶ

177 1401 329 1482 πρήγματα
349 1401 466 1462 ἔσεσθαι
485 1399 552 1481 [τῶν
568 1398 763 1480 Ἑλληνικῶν]
803 1397 878 1477 τάχα
898 1397 921 1458 δ’
941 1397 975 1459 ἂν

178 1490 224 1548 καὶ
244 1489 280 1550 τοὶ
299 1487 459 1568 χρηστήρια
478 1485 566 1547 ταῦτά
585 1490 612 1547 οἱ
631 1487 776 1568 προλέγοι,
798 1486 976 1564 συμβουλεύ-

178 1602 245 1638 οντα
261 1577 414 1654 σύμμαχον
430 1575 464 1636 τὸ
482 1574 631 1652 Ἀθηναῖον
651 1577 679 1635 οἱ
693 1573 878 1651 ποιήσασθαι·
899 1577 974 1635 τοῖσι

178 1663 212 1740 δὴ
225 1663 388 1740 πειθόμενος
400 1663 515 1738 ἔπεμπε.

218 1750 274 1804 Τοῦ
300 1744 330 1804 δὲ
355 1743 540 1822 Ἀλεξάνδρου
565 1742 665 1805 τούτου
692 1744 813 1821 ἕβδομος
839 1743 1023 1826 γενέτωρ137

179 1831 333 1908 Περδίκκης
353 1831 423 1901 ἐστὶ,
442 1830 457 1891 ό
478 1829 651 1908 κτησάμενος
667 1835 722 1892 τῶν
741 1831 909 1892 Μακεδόνων
925 1831 977 1908 τήν

177 1919 324 1994 τυραννίδα
336 1918 430 1998 τρόπῳ
439 1918 544 1997 τοιῷδε·
558 1919 589 1988 ἐξ
595 1915 714 1999 Ἀργεος
728 1919 832 1998 ἔφυγον
845 1923 872 1980 ἔς
884 1917 975 1977 Ἰλλυ-

178 2005 254 2082 μιούς
260 2009 315 2066 τῶν
322 2010 448 2083 Τημενοῦ
459 2005 603 2087 άπογόνων
615 2008 689 2083 τρεῖς
698 2004 841 2082 ἀδελφεοὶ,
852 2004 977 2082 Γαυάνης

178 2117 209 2152 τε
230 2093 277 2152 καὶ
301 2092 436 2170 Ἀέροπος
457 2095 504 2154 καὶ
525 2093 688 2171 Περδίκκης·
723 2098 754 2153 ἐκ
780 2092 810 2152 δὲ
831 2092 977 2170 Ἰλλυριῶν

177 2179 387 2258 ὑπερβαλόντες
408 2187 435 2246 ἐς
449 2181 502 2259 τήν
517 2181 572 2242 άνω
592 2180 775 2259 Μακεδονίην,
795 2179 929 2241 άπίκοντο
950 2185 977 2244 ἐς

178 2269 306 2345 Λεβαίην
315 2267 409 2330 πάλιν·
423 2270 542 2332 ἐνθαῦτα
555 2270 585 2330 δέ
598 2268 727 2346 ἐθήτευον
740 2270 786 2329 ε’πὶ
798 2269 892 2348 μισθῷ
900 2269 977 2346 παραὶ

177 2360 216 2437 τῷ
236 2357 366 2434 βασιλέϊ,
384 2357 401 2418 ό
421 2361 473 2436 μὲν
495 2359 595 2422 ἵππους
616 2357 743 2434 νέμων,ό
764 2357 794 2416 δὲ
810 2359 891 2434 βοῦς,
909 2356 925 2416 ὁ
947 2357 977 2416 δὲ

178 2444 313 2509 νεώτατος
326 2445 416 2508 αὐτῶν
429 2447 585 2524 Περδίκκης
596 2445 632 2505 τοὶ
645 2445 736 2505 λεπτά
749 2449 804 2506 τῶν
814 2444 975 2523 προβάτων·

178 2531 253 2606 ἦσαν
268 2533 298 2591 δέ
313 2532 346 2594 τδ
363 2533 453 2592 πάλαι
471 2535 517 2593 καὶ
535 2537 564 2592 αἱ
579 2533 734 2611 τυραννίδες
751 2537 806 2594 τῶν
826 2531 977 2610 ἀνθρώπων

179 2616 309 2683 ἀσθενέες
329 2620 465 2698 χρήμασι,
488 2620 520 2682 οὗ
541 2611 644 2699 μοῦνον
665 2620 682 2682 ὁ
705 2621 801 2698 δῆμος·
825 2619 890 2697 ἦδὲ
906 2621 977 2700 γυνή

177 2708 229 2766 τοῦ
247 2707 387 2782 βασιλέος
402 2707 472 2784 αὗτή
488 2710 525 2769 τοὶ
544 2710 622 2769 σιτία
641 2715 697 2785 σφι
717 2709 830 2769 έπεσσε·
858 2707 927 2771 ὅκως
946 2709 977 2768 δὲ

178 2791 288 2872 όπτῷτο
308 2793 324 2856 ό
345 2794 428 2872 ἄρτος
446 2799 497 2856 τοῦ
517 2796 616 2860 παιδός
633 2801 684 2857 τοῦ
706 2797 788 2868 θητὸς
808 2795 975 2873 Περδίκκεω,

178 2879 329 2958 διπλήσιος
347 2883 452 2964 ἐγίνετο
470 2881 553 2948 οὗτός
570 2887 681 2944 ἑωυτοῦ·
703 2885 762 2943 ἐπεὶ
775 2883 804 2942 δέ
818 2885 871 2943 αἰεὶ
888 2883 975 2944 τάυτδ

178 2971 262 3030 τοῦτο
275 2972 388 3052 ἐγίνετο,
404 2970 464 3030 εἶπε
481 2970 552 3050 πρός
566 2971 615 3032 τδν
632 2970 719 3049 ἄνδρα
733 2970 784 3032 τδν
797 2975 906 3047 ἑωυτῆς·
926 2971 976 3032 τόν

178 3057 208 3118 δὲ
221 3056 380 3120 άκοόσαντα
398 3060 505 3135 ἐσῆλθε
518 3058 623 3130 αὐτίκα,
637 3058 673 3122 ὥς
687 3059 728 3134 εἴη
741 3058 823 3135 τέρας
836 3059 881 3117 καὶ
895 3060 977 3136 φέροι

177 3151 205 3210 ἐς
221 3149 297 3231 μέγα
309 3175 347 3210 τι·
367 3149 492 3212 καλέσας
504 3147 534 3208 δέ
547 3147 612 3212 τοδς
625 3148 718 3223 θῆτας,
732 3144 904 3226 προηγόρευέ
921 3152 978 3221 σφι

176 3235 421 3314 ἀπαλλάσσεσθαι
430 3242 461 3303 ἐκ
473 3240 526 3320 γῆς
536 3239 587 3313 τῆς
600 3237 709 3310 ἑωυτοῦ·
730 3236 758 3293 οἱ
770 3232 801 3292 ’δὲ
814 3231 863 3291 τόν
872 3232 969 3309 μισθδῘ
