2294 3430
171 80 216 135 ιιι
468 79 650 129 Ἠυοιουου
893 79 969 146 [vn.

173 161 335 242 λεγομένης,
354 159 400 218 καὶ
421 156 549 238 κήρυγμα
568 154 675 216 τοιόνδε
695 158 870 235 ποιευμένων,
889 159 972 226 εἴτις

173 247 310 323 βούλοιτο
326 245 549 321 Λακεδαιμονίων
565 241 620 320 πρό
636 247 687 319 τῆς
703 244 833 320 Σπάρτης
852 243 972 323 ἀποθνή-

175 359 261 402 σκειν,
266 331 403 410 Σπερθίης
411 357 442 392 τε
451 329 643 408 όἈνηρίστου
652 330 698 388 καὶ
707 331 828 393 Βοῦλιςό
837 331 972 404 Νικόλεω,

176 419 270 497 ἄνδρες
290 421 471 496 Σπαρτιῆται,
490 417 576 494 φύσει
591 444 622 477 τε
637 417 782 499 γεγονότες
800 417 829 478 εὖ
848 419 894 478 καὶ
906 417 971 499 χρή

176 497 249 585 μασι
264 507 411 582 ἀνήκοντες
433 511 460 570 ἐς
480 505 516 566 τό
538 509 643 582 πρῶτα,
668 506 811 566 ἐθελονταὶ
833 505 974 568 ύπέδυσαν

175 593 274 670 ποινήν
297 597 376 654 τῖσαι
397 593 488 672 Ξέρξη
509 596 564 652 τῶν
585 592 706 670 Δαρείου
728 591 851 670 κηρύκων
870 597 924 654 τῶν
945 601 974 656 ἐν

176 681 291 761 Σπάρτῃ
311 681 501 758 ἀπολομένων·
529 680 599 740 οὕτω
620 681 792 758 Σπαρτιῆται
808 680 921 744 τούτους
939 682 973 764 οἷς

130 772 187 828 135
196 767 433 846 ἀποθανευμένους
450 773 478 832 ἐς
495 767 611 843 Μήδους
623 765 800 846 ἀπέπεμψαν.
828 767 905 845 Αὕτη
915 775 973 846 τεή

175 856 269 933 τόλμα
283 856 386 918 τούτων
401 858 456 916 τῶν
473 853 578 933 ἀνδρῶν
597 854 724 932 θώματος
744 853 818 932 ἀξίη,
843 856 889 914 καὶ
909 857 973 918 τάδε

175 944 246 1022 πρός
261 944 387 1004 τούτοισι
405 943 441 1003 τά
461 943 536 1002 ἔπεα·
557 941 738 1021 πορευόμενοι
754 942 809 1023 γάρ
827 947 855 1008 ἐς
868 945 972 1015 Σοῦσα,

154 1031 159 1042 ’
176 1031 351 1093 ἀπικνέονται
373 1031 450 1109 παρά
468 1028 611 1108 Ὑδάρνεα·
633 1029 650 1090 ό
672 1030 702 1088 δὲ
716 1030 851 1107 Ὑδάρνης
868 1029 903 1106 ἦν
922 1035 973 1108 μὲν

175 1120 255 1200 γένος
276 1119 398 1196 Πέρσης,
420 1117 578 1198 στρατηγός
602 1116 632 1177 δέ
654 1119 709 1177 τῶν
731 1118 973 1194 παραθαλασσίων

177 1206 400 1284 ἀνθράπωντῶν
416 1211 445 1266 ἐν
460 1209 495 1285 τῇ
510 1205 604 1286 Ἀσίῃ·
634 1204 664 1268 ὅς
680 1210 779 1281 σφεας,
801 1205 886 1275 ξείνια
907 1233 973 1284 προ·

177 1294 298 1371 θέμενος,
326 1295 425 1354 εἱστία·
460 1293 580 1364 ξεινίζων
604 1291 641 1362 δέ,
669 1293 757 1370 ε’ίρετο
784 1293 874 1376 λέγων
898 1293 971 1354 τάδε·

177 1393 195 1418 “
203 1381 298 1460 ἄνδρες
311 1380 533 1458 Λακεδαιμόνιοι,
546 1381 577 1441 τί
587 1379 621 1456 δή
635 1380 753 1462 φεύγετε
763 1381 884 1459 βασιλέϊ
893 1381 974 1457 φίλοι

144 1529 148 1538 ,
177 1471 309 1550 γενέσθαι
314 1495 322 1539 ;
343 1469 426 1546 όρᾶτε
438 1468 493 1549 γάρ
508 1467 543 1532 οἷς
556 1469 703 1528 ἐπίσταται
719 1468 858 1544 βασιλεύς
875 1467 974 1546 ἄνδρας

177 1555 298 1637 ἀγαθούς
312 1560 403 1633 τιμᾶν,
418 1560 445 1618 ἐς
459 1555 509 1632 ἐμέ
520 1581 551 1615 τε
564 1555 610 1614 καὶ
622 1555 658 1616 τό
671 1555 725 1632 ἐμά
738 1556 889 1637 πρήγματα
907 1556 974 1617 ἀπο-

177 1644 342 1720 βλέποντες·
358 1643 427 1702 οὕτω
441 1643 474 1718 δή
489 1642 534 1701 καὶ
547 1642 625 1720 ύμεῖς
638 1646 662 1702 εί
675 1643 766 1720 δοίητε
778 1643 864 1720 ύμέας
877 1642 975 1708 αύτούς

177 1731 306 1807 βασιλέϊ,
333 1730 487 1801 δεδόξωσθε
510 1730 565 1810 γάρ
586 1728 657 1806 πρός
678 1729 763 1790 αὐτοῦ
790 1730 884 1804 ἄνδρες
907 1731 975 1792 εἶναι

178 1818 287 1900 ἀγαθοὶ,
302 1819 419 1883 ἕκαστος
431 1815 466 1879 ἂν
475 1816 564 1894 ύμέων
574 1815 656 1897 ἀρχαι
664 1821 717 1900 γῆς
725 1818 871 1889 Ἑλλάδος,
881 1818 975 1884 δόντος

148 1981 151 1990 Ι
178 1906 342 1984 βασιλέος.”
354 1906 424 1986 πρός
433 1909 521 1966 ταῦτα
533 1905 712 1983 ἀπεκρίναντο
722 1905 796 1966 τάδε·
811 1907 975 1985 “Ὑδαρνες,

179 1995 229 2056 οὐκ
251 1997 282 2067 ἐξ
300 1997 365 2056 ίσδυ
386 1995 491 2075 γίνεται
511 1993 530 2071 ή
552 1994 714 2071 συμβουλίη
735 1993 754 2071 ἡ
775 1999 801 2058 ἐς
821 1993 908 2072 ἡμέας
923 1997 975 2056 τεί-

179 2078 276 2144 νόυσα·
296 2087 346 2145 τοῦ
359 2081 477 2164 μὲνγὰρ
490 2083 690 2160 πεπειρημένος
701 2081 913 2158 συμβουλεύεις,
926 2081 976 2143 τού

179 2171 209 2230 δέ
222 2171 334 2250 ἄπειρος
348 2171 407 2230 ἐών·
428 2169 461 2230 τό
474 2171 525 2247 μέν
538 2169 592 2250 γάρ
607 2169 707 2232 δοῦλος
724 2168 793 2228 εἶναι
811 2169 975 2240 ἐξεπίστεαι,

182 2259 338 2335 ἐλευθερίης
351 2258 381 2317 δὲ
395 2255 465 2316 ούκω
476 2257 629 2335 ἐπειρήθης,
641 2255 696 2316 οὔτ’
711 2259 734 2316 εἰ
748 2256 809 2316 ἐστι
817 2255 907 2337 γλυκύ
921 2255 976 2318 οὔτ’

183 2349 205 2404 εἰ
218 2344 267 2421 μή·
289 2350 314 2405 εἰ
325 2345 379 2427 γάρ
399 2344 483 2420 αὐτῆς
498 2344 656 2421 πειρήσαιο,
673 2342 722 2404 ούκ
739 2342 774 2405 ἂν
790 2342 889 2421 δόρασι
905 2369 975 2424 συμ-
1033 2369 1037 2376 ·

181 2431 329 2508 βουλεύοις
354 2431 422 2509 ήμῖν
444 2431 509 2508 περὶ
536 2430 622 2507 αὐτῆς
648 2429 799 2511 μάχεσθαι,
827 2431 904 2492 ἀλλοὶ
931 2431 976 2492 καὶ

135 2520 190 2580 136
200 2517 358 2578 πελέκεαι.”
371 2521 466 2580 Ταῦτα
473 2522 525 2596 μὲν
533 2517 667 2597 Ὑδάρνεα
676 2517 838 2598 ἀμείψαντο·
853 2519 977 2581 ἐνθεῦτεν
1017 2512 1041 2575 ι)

181 2604 211 2665 δὲ
235 2604 271 2669 οἷς
297 2603 442 2683 ἀνέβησαν
463 2610 490 2668 ἐς
517 2606 614 2670 Σοῦσα
641 2606 686 2664 καὶ
713 2606 834 2684 βασιλέϊ
861 2611 889 2670 ἐς
912 2605 977 2685 ὄψιν

179 2692 277 2770 ἦλθον,
297 2696 394 2770 πρῶτα
413 2695 465 2770 μὲν
484 2697 539 2753 τῶν
560 2691 719 2770 δορυφόρων
742 2691 909 2754 κελευόντων
932 2694 977 2754 καὶ

181 2779 304 2866 ἀνάγκην
326 2787 382 2858 σφι
405 2779 624 2860 προσφερόντων
643 2781 823 2858 προσκυνέειν
848 2783 976 2860 βασιλέα

181 2869 416 2948 προσπίπτοντας,
431 2867 481 2929 υύκ
501 2869 620 2944 ἔφασαν,
635 2865 783 2946 ὠθεόμενοι
800 2868 871 2946 πρός
889 2868 977 2930 αὐτῶν
1059 2871 1063 2882 '

181 2957 226 3016 ἐπὶ
240 2956 375 3034 κεφαλήν,
389 2955 518 3032 ποιήσειν
535 2958 623 3016 ταῦτα
639 2954 756 3031 οὐδαμά·
773 2953 841 3034 ,οὔτε
853 2954 908 3036 γάρ
922 2961 978 3030 σφι

181 3050 211 3106 ἐν
236 3045 311 3126 νόμῳ
339 3044 407 3106 εἶναι
434 3043 579 3121 ἄνθρωπον
605 3043 792 3120 προσκυνέειν,
820 3041 884 3102 ούτε
908 3041 978 3102 κατὰ

180 3138 267 3193 ταῦτα
277 3132 361 3211 ήκειν·
376 3132 411 3196 ὥς
421 3131 450 3190 δέ
461 3129 676 3210 ἀπεμαχέσαντο
688 3132 780 3196 τοῦτο,
795 3127 908 3204 δεύτερά
922 3134 977 3203 σφι

182 3221 298 3298 λέγουσι
310 3221 375 3282 τάδε
386 3220 431 3281 καὶ
442 3217 530 3300 λόγου
539 3215 646 3278 τοιοῦδε
657 3215 783 3296 ἐχόμενα,
795 3225 812 3249 “
821 3213 842 3272 ὦ
851 3211 977 3290 βασιλεύ

1116 137 1132 182 1
