2294 3430
8 141 22 200 ,ῑ

16 3097 27 3186 Ι

173 100 313 165 138—140]
511 101 624 151 ΕΡΑΊὮ.
917 101 964 151 117

168 179 305 256 προτέρου
317 177 421 238 τούτων
433 178 466 238 τό
480 178 635 259 ἐργάσαντο
648 182 677 238 αἱ
689 181 815 259 γυναῖκες
826 176 892 241 τούς
907 177 965 254 ἅμα

169 265 271 325 Θόαντι
291 264 391 342 ἀνδρας
411 267 564 342 σφετέρους
584 265 791 336 ἀποκτείνασαι,
805 264 965 342 νενόμισται

168 350 221 410 ἀνά
240 351 292 427 την
308 351 436 411 Ἑλλάδα
456 353 491 412 τά
513 353 634 431 σχέτλια
655 353 721 433 ἔργα
742 353 834 412 πάντα
851 352 962 428 Λήμνια

168 440 329 499 καλέεσθαι.
372 439 568 500 Ἀποκτείνασι
600 441 630 499 δὲ
658 444 733 499 τοῖσι
760 442 1010 520 Πελασγοῖσι139

167 525 231 589 τούς
253 528 406 604 σφετέρους
428 527 529 590 παῖδάς
550 553 582 587 τε
605 528 651 586 καὶ
673 531 811 609 γυναῖκας,
835 526 898 587 ούτε
923 531 962 608 γῆ

167 613 275 690 καρπόν
292 617 374 692 ἔφερε
393 613 455 674 οὔτε
472 615 598 694 γυναῖκές
615 641 646 676 τε
665 616 710 674 καὶ
729 619 845 692 ποῖμναι
863 614 963 692 ὁμοίως

168 701 273 762 ἔτικτον
283 703 328 769 καὶ
339 703 394 779 πρά
404 707 463 762 τοῦ·
481 702 637 780 πιεζόμενοι
651 703 680 762 δέ
694 707 767 782 λιμῷ
779 729 810 763 τε
824 704 869 762 καὶ
882 703 962 762 ἀπαι-

167 787 220 867 δίη,
231 795 259 852 ἐς
269 789 401 867 Δελφούς
411 791 535 867 ἔπεμπον
547 790 632 850 λύσιν
644 790 706 850 τινά
719 791 897 867 αἰτησόμενοι
908 795 963 850 τῶν

166 877 324 952 παρεόντων
340 881 439 938 κακοῖν·
459 877 478 953 ή
496 878 525 936 δὲ
539 878 632 952 Πυθίη
654 879 745 952 σφέας
761 879 868 937 ἐκέλευε
880 877 962 954 Ἀθη-

166 964 270 1023 ναίοισι
290 965 367 1028 δίκας
381 964 484 1025 διδόναι
496 963 598 1026 ταύτας
610 964 660 1026 τὰς
673 963 707 1024 ἀν
723 964 801 1023 αὐτοὶ
820 963 964 1039 Ἀθηναῖοι

167 1049 312 1112 δικάσωσι·
332 1051 423 1129 ἦλθόν
435 1078 466 1113 τε
480 1052 513 1128 δη
529 1056 556 1115 ἐς
568 1051 618 1115 τάς
630 1051 750 1127 Ἀθήνας
764 1055 790 1110 οἱ
803 1053 961 1132 Πελασγοὶ,

166 1139 212 1196 καὶ
233 1139 309 1204 δίκας
326 1142 536 1222 ἐπαγγέλλοντο
549 1139 722 1216 βουλόμενοι
742 1137 846 1198 διδόναι
858 1139 961 1200 παντός

165 1229 215 1290 τοῦ
233 1225 409 1304 ἀδικήματος·
430 1226 574 1302 Ἀθηναῖοι
589 1227 618 1286 δέ
632 1232 661 1286 ἐν
673 1230 711 1306 τῷ
724 1226 881 1304 πρυτανηίῳ
902 1225 960 1284 κλί·

115 1316 119 1324 ’
165 1337 215 1388 νην
236 1314 412 1391 στρώσαντες
433 1314 469 1378 ὥς
490 1314 566 1393 εἶχον
588 1313 738 1385 κάλλιστα,
757 1314 803 1374 καὶ
823 1313 961 1390 τράπεζαν

165 1402 300 1477 ἐπιπλέην
313 1401 425 1483 ἀγαθῶν
437 1401 547 1462 πάντων
560 1403 736 1479 παραθέντες,
751 1403 877 1462 ἐκέλευον
896 1400 960 1464 τούς

165 1490 334 1568 Πελασγούς
346 1489 398 1564 την
410 1489 504 1568 χώρην
516 1491 605 1566 σφίσι
614 1489 794 1566 παραδιδόναι
803 1489 873 1550 οὕτω
883 1490 959 1568 ἔχου-

164 1598 228 1634 σαν·
250 1580 277 1635 οἱ
298 1577 327 1636 δὲ
349 1577 499 1658 Πελασγοὶ
520 1577 714 1653 ύπολαβόντες
736 1578 825 1638 εἶπαν·
849 1577 959 1637 “ε’πεάν

163 1663 252 1740 βορέῃ
269 1663 359 1744 ἀνέμῳ
373 1663 528 1742 αύτημερδν
541 1669 606 1740 νηῦς
620 1664 738 1744 ἐξανύσῃ
753 1671 783 1724 ἐκ
795 1669 846 1740 τῆς
865 1664 958 1742 ύμετέ-

87 1753 90 1760 ’
163 1773 214 1823 ρης
237 1755 264 1812 ἐς
286 1750 338 1826 την
358 1751 502 1828 ἡμετέρην,
523 1751 587 1812 τότε
607 1752 835 1828 παραδύσομεν·”
864 1757 958 1812 ,τοῦτο

165 1833 252 1903 εἶπαν,
274 1837 453 1912 ἐπιστάμενοι
472 1842 554 1897 τοῦτο
579 1837 647 1896 εἶναι
666 1836 798 1896 ἀδύνατον
817 1839 958 1918 γενέσθαι·

163 1918 182 1994 ἡ
199 1921 253 2000 γὰρ
265 1920 378 1997 Ἀττικη
393 1923 463 1998 πρός
476 1923 557 1982 νότον
578 1924 668 1981 κέεται
687 1924 798 1982 πολλόν
817 1928 868 1997 τῆς
880 1923 957 1999 Λήμ-

163 2033 222 2067 νου.
261 2008 326 2068 τότε
345 2011 396 2084 μὲν
411 2013 545 2068 τοσαῦτα·
567 2011 642 2068 ἔτεσι
655 2009 685 2067 δὲ
699 2009 786 2084 κάρτα
799 2013 937 2067 πολλοῖσι
949 2013 1004 2069 140

162 2093 281 2174 ὕστερον
300 2095 411 2166 τούτων,
426 2095 461 2157 ἀς
480 2095 499 2171 ἦ
512 2095 694 2172 Χερσόνησος
706 2094 725 2170 ἦ
739 2100 768 2155 ἐν
780 2095 958 2170 Ἑλλησπόν-

162 2209 200 2262 τῳ
218 2184 326 2265 ἐγένετο
345 2182 391 2244 ὑπ’
409 2182 592 2259 Ἀθηναίοισι,
607 2183 763 2259 Μιλτιάδης
784 2183 800 2243 ό
821 2183 955 2259 Κίμωνος,

163 2273 294 2346 ἐτησιέων
316 2271 422 2349 ἀνέμων
448 2270 657 2346 κατεστηκότων
679 2271 725 2347 νηί
748 2270 904 2334 κατανύσας
927 2274 959 2342 ἐξ

162 2355 340 2424 Ἐλαιοῦντος
354 2363 404 2420 τοῦ
425 2364 454 2420 ἐν
467 2357 641 2438 Χερσονήσῳ
659 2364 686 2423 ἐς
698 2363 822 2436 Λῆμνον,
837 2359 956 2440 προηγό-

160 2472 224 2523 ρευε
245 2447 344 2518 ἐξιέναι
365 2453 396 2507 ἐκ
416 2450 467 2523 τῆς
487 2446 576 2523 νήσου
591 2451 668 2506 τοῖσι
686 2451 876 2529 Πελασγοῖσι,
893 2446 957 2506 ἀνα-

161 2533 324 2610 μιμνήσκων
334 2537 426 2611 σφέας
438 2534 471 2595 τό
484 2533 657 2614 χρηστήριον
666 2533 699 2595 τό
711 2535 819 2612 ούδαμά
831 2533 957 2610 ἤλπισαν

162 2622 251 2695 σφίσι
263 2624 290 2680 οἱ
303 2623 453 2703 Πελασγοὶ
466 2622 667 2682 ἐπιτελέεσθαι.
707 2622 889 2698 Ἡφαιστιέες
906 2625 958 2700 μέν

162 2731 210 2765 νυν
233 2709 385 2768 ἐπείθοντο.
423 2713 573 2786 Μυριναῖοι
596 2709 626 2768 δέ
646 2709 679 2769 ού
702 2709 958 2790 συγγινωσκόμενοι

163 2791 232 2852 εἶναι
250 2793 302 2867 τὴν
314 2794 499 2871 Χερσόνησον
517 2795 647 2870 Ἀττικὴν
665 2797 884 2872 ἐπολιορκέοντο,
900 2797 957 2860 ἐςδ

163 2879 208 2937 καὶ
228 2878 307 2938 αὐτοὶ
326 2882 518 2958 παρέστησαν·
539 2881 609 2942 οὕτω
630 2882 731 2960 δὴτὴν
743 2887 859 2960 Λῆμνον
871 2884 957 2962 ἔσχον

161 2963 307 3091 ἠηθηηῳῖοί
316 2991 347 3028 τι
360 2967 406 3026 καὶ
419 2967 585 3044 Μιλτιάδης.
