2280 3432
114 111 117 120 .
145 81 193 130 υιι
449 76 633 126 Ἧτοαουου
849 74 943 140 [vm.

142 148 306 233 θαλάσσης·
320 157 409 216 αἴτιον
420 155 450 216 δέ
459 159 543 217 τοῦτο
556 156 692 236 λέγοντες,
706 154 736 214 εὖ
748 156 843 236 λέγειν
852 157 947 238 ἔμοιγε

148 247 285 306 δοκέουσι.
316 244 381 306 τούς
391 244 420 302 δέ
430 244 656 325 περιγενομένους
670 242 761 324 ἆπῆγε
770 243 947 321 Ἀρτάβαζος

148 338 175 396 ἐς
188 333 351 406 Θεσσαλίην
368 333 444 408 παρῶ
462 330 632 409 Μαρδόνιον.
674 329 750 391 οὗτοι
765 335 817 410 μὲν
835 337 861 392 οἶ
879 360 947 411 προ·

148 421 307 498 πέμψαντες
319 420 446 496 βασιλέα
461 419 531 478 οὕτω
545 420 674 497 ἔπρηξαν.

102 511 159 568 130
208 507 242 566 Ὁ
256 507 286 566 δέ
298 508 424 571 ναυτικάς
435 507 568 585 όΞέρξεω
581 507 799 590 περιγενόμενος,
811 508 847 572 ῶς
859 535 948 586 προσ-

149 595 225 672 έμιξε
241 599 277 674 τῇ
294 594 378 674 Ἀσίῃ
397 595 507 676 φεύγων
525 600 555 654 ἐκ
572 597 739 674 Σαλαμῖνος,
758 598 804 655 καὶ
820 597 948 672 βασιλέα

147 709 178 742 τε
192 684 237 741 καὶ
250 683 301 759 τήν
315 684 450 761 στρατιήν
464 689 494 742 ἐκ
508 683 692 761 Χερσονήσου
706 684 908 760 διεπόρθμευσε
922 689 949 747 ἐς

142 769 277 848 Ἀβυδον,
289 773 439 850 ἐχειμέριζε
453 777 482 831 ἐν
493 771 587 850 Κύμη·
602 773 680 849 ἔαρος
690 773 719 830 δέ
730 771 948 849 ἐπιλάμψαντος,

149 859 250 935 πρῶϊος
271 861 436 940 συνελέγετο
458 865 485 922 ἐς
506 859 612 936 Σάμον·
638 863 666 918 αἱ
687 860 716 918 δέ
735 864 790 920 τῶν
810 865 882 935 νηῶν
903 860 950 918 καὶ

150 948 325 1025 ἐχειμέρισαν
356 947 450 1007 αὐτοῦ·
492 949 626 1026 Περσέων
653 948 683 1006 δέ
713 949 759 1006 καὶ
791 948 896 1022 Μήδων
923 952 950 1008 οἱ

149 1039 265 1098 πλεῦνες
292 1035 472 1111 ἐπεβάτευον·
496 1036 651 1116 στρατηγοὶ
678 1035 709 1094 δέ
734 1042 790 1112 σφι
817 1037 949 1112 ἐτι-ἦλθον,

150 1122 315 1200 Μαρδόντης
334 1149 365 1182 τε
385 1123 401 1182 ό
422 1125 547 1205 Βαγαίου
568 1125 613 1182 καὶ
626 1123 796 1202 Ἀρταΰντης
816 1122 832 1182 ό
851 1123 951 1201 Ἀρτα-

150 1212 240 1290 χαίου·
266 1215 390 1290 συνῆρχε
410 1211 439 1270 δέ
459 1211 585 1272 τούτοισι
606 1212 651 1270 καὶ
672 1210 843 1286 ἀδελφιδέος,
866 1211 951 1272 αὐτοῦ

149 1297 319 1376 Ἀρταΰντεω
359 1300 578 1377 προσελομένου,
600 1298 785 1376 ’Ἰθαμίτρης
840 1299 888 1358 ἅτε
922 1300 953 1360 δέ

152 1386 281 1467 μεγάλως
298 1387 507 1468 πληγέντες,ού
527 1386 669 1464 τροήῖσαν
688 1387 812 1464 ἀνωτέρω
832 1387 866 1447 τό
882 1387 953 1465 πρός

150 1475 278 1550 ἑσπέρης,
298 1473 354 1534 οὐδ’
374 1474 546 1555 ἐπηνάγκαζε
562 1475 659 1538 ούδείς·
680 1473 745 1533 ἀλλ’
764 1480 793 1534 ἐν
812 1480 848 1554 τῇ
867 1474 953 1555 Σάμῳ

152 1562 309 1638 κατήμενοι,
324 1562 493 1638 ἐφύλασσον
505 1562 557 1638 τήν
572 1562 677 1638 Ἰωνίην
690 1561 730 1642 μή
745 1562 866 1640 ἀποστῇ,
885 1567 954 1638 νῆας

152 1651 261 1728 ἔχοντες
284 1649 337 1710 σύν
360 1653 428 1728 τῇσι
450 1649 524 1708 Ἰάσι
545 1651 715 1727 τριηκοσίας.
756 1651 789 1710 ού
809 1650 867 1726 μήν
891 1649 954 1710 ούδέ

151 1737 355 1814 προσεδέκοντο
384 1737 450 1800 τούς
478 1737 622 1813 Ἕλληνας
652 1727 819 1800 ἐλεύσεσθαι
849 1745 876 1801 ἐς
901 1739 955 1815 τὴν

150 1824 264 1902 Ἰωνίην,
273 1824 339 1885 ἀλλ’
349 1825 524 1906 α’ποχρήσειν
535 1821 591 1902 σφι
604 1826 656 1902 τήν
668 1831 772 1887 ἑωυτῶν
782 1827 954 1903 φυλάσσειν·

152 1913 357 1991 σταθμεύμενοι
384 1913 427 1975 ὅτι
448 1915 540 1992 σφέας
561 1913 611 1974 ούκ
632 1915 779 1984 ἐπεδίωξαν
800 1913 956 1994 φεύγοντας

153 2006 183 2060 ἐκ
207 2003 374 2080 Σαλαμῖνος,
396 2002 462 2062 ἀλλ’
484 2001 602 2080 ἄσμενοι
620 2001 854 2062 ἀπαλλάσσοντο·
883 2003 957 2062 κατά

151 2091 203 2166 μέν
226 2115 274 2150 νυν
293 2091 346 2166 τήν
367 2090 519 2151 θάλασσαν
539 2091 695 2166 ἑσσωμένοι
714 2088 790 2164 ἦσαν
809 2094 848 2169 τῷ
868 2091 956 2170 θυμῷ,

152 2179 223 2256 πεζῇ
244 2177 273 2236 δέ
293 2178 403 2237 ἐδόκεον
421 2177 533 2236 πολλόν
551 2177 701 2253 κρατήσειν
718 2177 768 2236 τόν
784 2177 957 2254 Μαρδόνιον·

153 2264 244 2327 ἐόντες
257 2265 286 2324 δέ
300 2269 329 2324 ἐν
342 2264 435 2342 Σάμῳ,
450 2263 508 2339 ἅμα
522 2267 573 2340 μέν
587 2264 771 2340 ἐβουλεύοντο
787 2265 850 2324 εἴτι
864 2264 957 2324 δυναί-

155 2377 206 2412 ατο
241 2351 326 2411 κακδν
359 2350 424 2414 τούς
449 2352 601 2428 πολεμίους
629 2351 740 2422 ποιέειν,
768 2351 826 2429 ἅμα
853 2352 883 2410 δὲ
911 2353 959 2411 καὶ

154 2437 345 2498 ὠτακούστεον
359 2437 410 2514 όκη
423 2438 554 2498 πεσέεται
567 2438 603 2498 τά
617 2438 778 2515 Μαρδονίου
791 2438 957 2519 πρήγματα.

107 2527 162 2586 131
214 2524 285 2588 Τούς
298 2525 327 2583 δέ
335 2524 479 2602 Ἕλληνας
490 2525 524 2586 τό
536 2551 568 2586 τε
582 2526 629 2602 ἔαρ
642 2525 788 2606 γινόμενον
800 2525 895 2606 ἤγειρε
911 2529 961 2587 καὶ

154 2611 312 2690 Μαρδόνιος
330 2617 359 2672 ἐν
375 2615 523 2692 Θεσσαλίῃ
538 2612 597 2672 ἐιόν.
643 2612 658 2671 ό
674 2615 726 2689 μὲν
741 2612 775 2688 δή
788 2613 872 2684 πεζός
885 2613 961 2674 ούκω

154 2700 330 2780 συνελέγετο·
352 2699 367 2759 ὁ
386 2701 416 2760 δέ
434 2699 560 2762 ναυτικῶς
576 2698 690 2758 όπίκετο
707 2703 734 2762 ἐς
753 2701 878 2781 Αἴγιναν,
894 2705 962 2778 νῆες

153 2787 273 2866 άριθμόν
286 2787 352 2846 δέκα
364 2789 411 2848 καὶ
425 2787 531 2847 ἐκατόν·
546 2786 704 2866 στρατηγός
718 2786 748 2844 δέ
761 2787 807 2845 καὶ
817 2786 963 2868 ναύαρχος

153 2875 189 2952 ἦν
214 2876 384 2954 Λευτυχίδης
411 2876 427 2936 ὁ
454 2873 605 2951 Μενάρεος,
632 2876 683 2932 τοῦ
708 2871 881 2954 Ἡγησίλεω,
907 2883 964 2937 τοῦ

152 2963 375 3039 Ἱπποκρατίδεω,
393 2967 443 3022 τοῦ
462 2961 642 3040 Λευτυχίδεω,
659 2965 709 3021 τοῦ
724 2959 886 3032 Ἀναξίλεω,
908 2969 964 3024 τοῦ

152 3050 332 3130 Ἀρχιδήμου,
346 3053 396 3109 τοῦ
409 3048 632 3124 Ἀναξανδρίδεω,
646 3053 696 3108 τοῦ
713 3047 893 3124 Θεοπόμπου,
908 3059 964 3112 τοῦ

153 3137 319 3214 Νικάνδρου,
332 3141 382 3196 τοῦ
402 3137 559 3214 Χαρίλλου,
574 3140 624 3195 τοῦ
640 3135 778 3212 Εὐνόμου,
791 3139 842 3195 τοῦ
860 3141 962 3198 Πολυ-

153 3223 269 3292 δέκτεος,
283 3229 333 3284 τοῦ
352 3224 515 3301 Πρυτάνιος,
535 3227 585 3282 τοῦ
603 3221 797 3299 Εὐρυφῶντος,
814 3226 866 3282 τοῦ
880 3229 965 3302 Προ-
