2204 3430
165 106 275 172 70-74]
523 108 636 159 ατιαο.
934 105 966 158 οι
1071 161 1075 166 ,

165 188 343 265 προσέβαλε,
356 191 458 264 μοῦνος
470 191 554 248 τοῦτο
567 187 677 249 πάντων
690 187 724 266 δή
736 190 792 249 τῶν
809 187 963 269 γενομένων

164 276 311 352 βασιλέων
324 279 353 335 ἐν
367 275 483 355 Σπάρτῃ
495 276 626 352 ποιήσας.

205 363 376 441 Λευτυχίδης
392 363 421 422 δέ
439 363 456 423 ά
472 363 623 441 Μενάρεος,
638 362 809 442 Δημαρήτου
825 364 1008 425 καταπαυϊϊ

165 450 289 522 σθένεος,
311 450 450 520 διεδέξατο
473 451 525 527 τήν
547 453 714 529 βασιληϊην·
744 452 792 512 καί
812 455 838 512 οϊ
857 453 964 532 γίνεται
1011 468 1027 496 ⁰

165 537 230 601 πάϊς
240 537 416 614 Ζευξίδημος,
426 537 475 599 τδν
485 538 518 615 δή
533 541 675 600 Κυνίσκον
683 540 855 617 μετεξέτεροι
869 540 962 617 Σπαρ-

164 626 278 700 τιητέων
299 625 424 686 ἐκάλεον.
465 623 546 690 οὗτος
566 627 582 686 ά
604 628 771 705 Ζευξίδημος
793 626 842 687 οὖκ
863 627 963 703 ἐβασί-

165 715 250 772 λευσε
264 712 404 791 Σπάρτης·
417 713 473 792 πρθ
484 716 656 795 Λευτυχίδεω
668 716 724 797 γάρ
736 719 862 795 τελευτᾷ,
873 714 963 774 λιποϊν

164 801 251 860 παῖδα
263 800 444 882 Ἀρχιδημον·
460 803 630 882 Λευτυχιδης
643 803 673 863 δέ
683 804 827 880 στερηθεὶς
837 802 962 879 Ζευξιδή-

163 913 220 964 μου
240 890 339 969 γαμέει
365 890 494 966 δευτέρην
519 894 636 970 γυναῖκα
662 889 835 968 Εὐρυδάμην,
861 895 963 951 ἐοῦσαν

165 978 271 1036 Μενίου
288 980 340 1056 μέν
357 977 499 1054 ἀδελφεήν
517 979 703 1056 Διακτορίδεω
720 978 749 1037 δέ
763 978 910 1058 θυγατέρα·
931 983 961 1038 ἐκ

163 1066 214 1138 τῆς
227 1067 255 1123 οἶ
268 1066 348 1142 ἐρσεν
360 1067 412 1143 μέν
423 1066 529 1147 γινέται
543 1064 630 1136 οιϊδέν,
641 1065 764 1146 θυγάτηρ
775 1066 805 1124 δὲ
815 1065 961 1142 Λαμπιτυϊ·

163 1149 216 1226 τήν
231 1150 402 1231 Ἀρχίδημος
421 1153 438 1214 ά
458 1153 628 1231 Ζευξιδήμου
648 1153 754 1234 γαμέει,
775 1152 871 1216 δόντος
890 1152 963 1232 αὐτῷ

164 1240 345 1318 Λευτυχίδεω.
388 1239 430 1301 Ου’
448 1243 500 1319 μὲν
516 1240 579 1301 οὐδὲ
597 1241 767 1320 Λευτυχιδης
782 1240 920 1321 κατεγήρα
933 1243 1009 1302 ἐνϊΖ

165 1324 289 1406 Σπάρτη,
302 1327 379 1388 ἄλλά
392 1330 468 1390 τίσιν
479 1329 588 1406 τοιήνδε
600 1329 662 1390 τινιϊ
673 1329 832 1409 Δημαρήτῳ
845 1328 961 1398 ἐξέτισε·

164 1415 359 1497 ἐστρατήγησε
371 1417 618 1493 Λακεδαιμονίοισι
631 1421 659 1480 ἐς
672 1418 844 1492 Θεσσαλίην,
857 1416 962 1494 παρεδν

164 1499 195 1560 δέ
208 1505 234 1561 οϊ
247 1503 393 1583 θποχείρια
409 1503 501 1564 πάντα
518 1505 696 1582 ποιήσασθαι
714 1504 902 1583 ἐδωροδόκησε
914 1503 962 1582 α’ρ-

163 1588 260 1668 γῦριον
277 1592 362 1652 πολύ·
390 1592 432 1653 ἐπ’
451 1592 605 1674 αι’κτοφοϊρῳ
621 1594 651 1652 δέ
668 1593 755 1656 άλοῦς
773 1593 858 1654 αὐτοῦ
877 1597 906 1653 ἐν
925 1597 964 1671 τῷ

164 1679 343 1760 στρατοπέδῳ
372 1680 571 1758 ἐπικατήμενος
599 1681 699 1760 χειρίδι
721 1683 796 1761 πλέη
820 1681 959 1763 ἀργυρίου,

164 1764 250 1846 ἔφυγε
263 1772 294 1826 ἐκ
307 1768 445 1846 Σπάρτης,
458 1768 514 1829 τϊττδ
524 1769 702 1845 δικαστήριον
711 1769 854 1848 θπαχθείς·
868 1768 914 1827 καὶ
926 1768 963 1827 τοὶ

164 1854 237 1912 οἰκία
250 1858 277 1914 οἱ
291 1856 465 1932 κατεσκάφη·
487 1857 573 1936 ἔφυγε
586 1857 616 1915 δὲ
630 1861 657 1918 ἐς
669 1858 781 1937 Τεγέην,
797 1857 842 1914 καὶ
856 1855 961 1915 ἐτελειϊ-

162 1965 234 2015 τησε
247 1946 277 2002 ἐν
289 1942 386 2020 ταύτῃ·
399 1946 487 2002 ταῦτα
500 1945 552 2017 μὲν
564 1942 598 2016 δή
613 1944 722 2022 ἐγένετο
735 1942 826 2020 χρόνῳ
835 1941 961 2018 ὕστερον.

197 2025 269 2086 Τότε
288 2027 318 2086 δέ
333 2027 368 2090 οϊς
381 2031 419 2107 τῷ
429 2031 584 2105 Κλεομένεϊ
602 2028 729 2104 εθωδάθη
745 2029 779 2088 τά
798 2034 825 2091 ἐς
840 2029 889 2088 τὸν
904 2035 959 2104 Δη-
971 2031 1009 2090 73

163 2112 289 2190 μάρητον
304 2119 430 2197 πρῆγμα,
445 2115 544 2176 αὐτίκα
556 2115 733 2193 παραλαβοϊν
741 2115 911 2194 Λευτυχίδεα
918 2115 963 2192 ἤϊε

164 2202 210 2260 ἐπὶ
224 2201 288 2266 τοῦς
306 2203 464 2284 Αἰγινήτας,
480 2202 569 2264 δεινόν
581 2202 644 2264 τινά
654 2209 710 2279 σφι
724 2205 837 2285 ἔγκοτον
855 2202 900 2262 διά
911 2203 963 2264 τᾶν

163 2292 402 2370 προπηλακισμόν
421 2294 500 2372 έχων.
542 2291 613 2352 οὕτω
635 2291 669 2368 δή
686 2291 748 2352 οὔτε
767 2295 793 2352 οϊ
806 2296 961 2372 Αἰγινῆται,

164 2377 331 2457 άμφοτέρων
349 2385 405 2442 τῶν
424 2381 569 2458 βασιλέων
588 2379 711 2457 ήκάντων
727 2380 769 2439 ἐπ’
786 2379 893 2449 αὐτοῦς,
910 2380 961 2440 ἐδι-

164 2467 255 2528 καίευν
268 2471 307 2528 ἐτι
321 2467 498 2545 ἀντιβαίνειν,
510 2469 611 2528 ἐκεῖνοί
618 2493 649 2526 τε
659 2467 852 2544 ἐπιλεξάμενοι
862 2466 962 2544 ἄνδρας

164 2554 229 2614 δέκα
246 2557 413 2637 Αἰγινητέων
432 2556 496 2619 τοθς
513 2557 651 2616 πλείστου
671 2554 764 2625 άξίους
784 2555 830 2614 καὶ
849 2554 962 2634 πλούτῳ

164 2642 210 2700 καὶ
231 2641 313 2723 γένεϊ,
331 2642 403 2725 ἦγον
427 2644 472 2703 καὶ
492 2643 597 2707 ἄλλους
619 2644 665 2702 καὶ
688 2642 721 2718 δή
746 2643 792 2702 καὶ
816 2641 905 2720 Κρῖόν
930 2667 962 2702 τε

163 2728 213 2789 τδν
231 2731 409 2808 Πολυκρίτου
422 2732 468 2790 καὶ
481 2730 646 2806 Κάσαμβον
658 2729 708 2789 τᾶν
720 2728 960 2807 Ἀριστοκράτεος,

164 2816 245 2894 οϊτερ
259 2818 335 2896 εἶχον
347 2819 483 2899 μέγιστον
496 2816 605 2894 κράτος·
626 2815 778 2897 α’γαγάντες
788 2817 820 2875 δέ
828 2822 920 2892 σφεας
935 2820 962 2877 ἐς

164 2907 218 2983 γῆν
236 2903 288 2979 τήν
307 2903 445 2980 Ἀττικήν,
460 2903 626 2981 παραθήκην
641 2903 839 2981 παρατίθενται
855 2907 882 2964 ές
897 2901 962 2962 τούς

165 2992 312 3070 ἐχθίστους
327 2991 495 3072 Αἰγινήτῃσι
506 2990 676 3066 Ἀθηναίους.
719 2988 801 3048 Μετά
820 2989 849 3046 δὲ
864 2991 960 3054 ταῦτα,
969 2988 1008 3047 74

165 3079 328 3158 Κλεομένεα
348 3078 482 3138 ἐπάῖστον
501 3077 649 3159 γενόμενον
671 3073 914 3152 κακοτεχνήσαντα
934 3076 962 3132 ἐς

165 3166 336 3246 Δημάρητον
347 3166 429 3243 δεῖμα
442 3167 530 3242 ἔλαβε
544 3165 748 3242 Σπαρτιητέων,
763 3160 809 3219 καὶ
823 3157 961 3234 τϊττεξὲθϊ(ε

165 3261 193 3322 ἐς
209 3254 383 3329 Θεσσαλίην·
405 3255 529 3314 ἐνθεῦτεν
544 3253 575 3312 δέ
592 3249 758 3325 ἀπικόμενος
771 3251 798 3309 ἐς
810 3242 961 3321 τθνἈρκα·
