2204 3430
245 369 364 445 m
439 353 796 508 κδλοτο
825 370 958 410 ‘m

344 577 602 648 ΙΣΤΟΡΙΩΝ
638 583 875 648 ΠΕΜΠΤΗ.

563 725 664 752 -ι-

497 836 733 893 ΤΕΡΨῙΧΟΡΗ.

229 923 270 976 OI
285 917 314 976 δὲ
328 921 356 977 ἐν
368 921 404 996 τῇ
418 915 539 995 Εὐρώπη
549 923 604 977 τῶν
614 921 749 996 Περσέων
760 919 992 995 καταλειφθέντες
1007 919 1021 976 l

186 1003 242 1064 ὖπό
260 1005 381 1082 Δαρείου
396 1009 452 1064 τῶν
471 1003 486 1064 ὁ
504 1006 678 1086 Μεγάβαζος
696 1007 774 1087 ἦρχε,
795 1006 921 1085 πρώτους
938 1008 989 1083 μὲν

188 1093 353 1170 Περινθίους
359 1091 592 1168 Ἑλλησποντίων
606 1092 637 1154 οὐ
647 1095 839 1172 βουλομένους
852 1093 990 1170 ὖπηκόους

188 1181 258 1241 εἶναι
269 1181 389 1256 Δαρείου
400 1182 634 1259 κατεστρέψαντο,
643 1185 843 1260 περιεφθέντας
853 1181 990 1260 πρότερον

187 1270 233 1328 καὶ
243 1269 299 1330 άπὸ
310 1269 440 1330 Παιάνων
448 1271 579 1349 τρηχέως.
608 1273 635 1330 οἱ
647 1270 702 1352 γάρ
715 1271 751 1332 ὦν
761 1271 817 1330 οἷπὸ
829 1269 989 1348 Στρυμόνος
1026 1347 1031 1358 η
1095 1311 1097 1318 1

123 1385 126 1390 ·
187 1359 316 1429 Παίονες,
329 1357 490 1436 χρήσαντος
504 1363 554 1419 τοῦ
573 1359 638 1418 θεοῦ
654 1359 856 1436 στρατεύεσθαι
870 1359 916 1418 ἐπὶ
933 1365 988 1416 Πε-

185 1447 315 1522 ρινθίους,
333 1446 378 1506 καὶ
396 1444 430 1522 ἢν
445 1449 497 1522 μὲν
515 1445 991 1524 ἀντικατιζόμενοι,ἐπικαλέσωνταί

187 1540 280 1609 σφεας
294 1537 320 1593 οἱ
337 1535 482 1612 Περίνθιοι
500 1533 638 1612 ὀνομαστὶ
651 1535 796 1612 βώσαντες
810 1535 874 1598 τούς
888 1535 917 1593 δὲ
931 1541 987 1594 ἐπι-

185 1624 310 1701 χειρέειν,
334 1620 368 1698 ἢν
395 1623 424 1681 δὲ
450 1622 490 1700 μή
519 1623 713 1700 ἐπιβώσωνται
743 1623 783 1701 μη
814 1623 985 1702 ἐπιχειρέειν,

187 1712 295 1770 ἐποίευν
316 1714 343 1770 οἱ
363 1711 482 1774 Παίονες
502 1715 598 1770 ταῦτα·
620 1711 865 1789 ἀντικατιζομένων
884 1710 913 1769 δὲ
933 1715 988 1771 τῶν

187 1799 375 1874 Περινθίων’
363 1824 391 1856 εν
413 1801 452 1876 τῷ
474 1825 646 1878 προαστηιῳ,
668 1800 786 1859 ἐνθαῦτα
809 1799 986 1877 μουνομαχίη

185 1887 350 1962 τριφασίη’
338 1911 367 1943 εκ
381 1884 555 1962 προκλήσιός
569 1892 650 1961 σφι’
638 1913 756 1967 εγενετο·
773 1887 819 1944 καὶ
832 1886 886 1966 γὰρ
901 1884 987 1966 ἄνδρα

186 1971 273 2050 ἀνδρὶ,
296 1973 342 2031 καὶ
365 1973 451 2030 ἵππον
474 1972 548 2052 ἵππῳ
570 1974 739 2048 συνεβαλον,
762 1975 808 2032 καὶ
830 1972 898 2032 κύνα
919 1975 986 2033 κυνί

185 2060 320 2120 νικώντων
339 2060 368 2118 δὲ
389 2059 425 2118 τά
446 2059 495 2118 δύο
515 2065 570 2120 τῶν
589 2062 751 2137 Περινθίων,
769 2061 804 2124 ώς
827 2060 987 2132 ἐπαιώνιζον

186 2147 378 2226 κεχαρηκότες,
389 2148 583 2224 συνεβάλοντο
594 2152 620 2207 οἱ
634 2149 753 2232 Παίονρς
765 2149 799 2208 τά
813 2148 986 2228 χρηστήριον

185 2235 253 2296 αὐτὰ
266 2239 349 2316 τοῦτο
364 2235 441 2295 εἶναι·
459 2236 504 2294 καὶ
519 2235 599 2296 εἶπάν
609 2263 658 2295 κου
672 2235 748 2313 πυροὶ
762 2238 850 2313 σφίσι
864 2236 985 2296 αὐτοῖσι·

186 2328 261 2384 “νῦν
285 2322 319 2384 ἂν
342 2325 383 2400 εἴη
407 2323 576 2402 ὁχρησμός
600 2324 810 2402 ἐπιτελεόμενος
835 2324 911 2402 ἡμῖν·
939 2331 987 2387 νῦν

184 2411 320 2490 ἡμέτερον
333 2411 366 2472 τὸ
380 2411 485 2493 ἔργον·”
506 2409 576 2470 οὕτω
592 2415 668 2471 τοῖσι
685 2413 862 2489 Περινθίοισι
874 2415 984 2473 παιωνί-

185 2525 257 2558 σασι
276 2501 463 2580 ἐπιχειρέουσι
483 2502 510 2558 οἱ
531 2499 658 2569 Παίονες,
676 2499 722 2558 καὶ
740 2503 840 2579 πολλῷ
857 2526 888 2559 τε
909 2501 985 2578 ἐκρά-

183 2613 275 2663 τησαν
294 2589 340 2647 καὶ
359 2587 457 2648 ἔλιπόν
473 2593 569 2664 σφεων
584 2586 705 2668 ὀλίγους.
747 2588 789 2648 Τά
807 2591 859 2664 μὲν
880 2588 913 2663 δή
931 2587 1020 2647 άπὸ2

184 2676 314 2737 Παιόνων
336 2676 474 2754 πρότερον
495 2675 632 2757 γενόμενα
655 2673 706 2734 ὧδε
730 2677 848 2758 ἐγένετο·
873 2677 936 2736 τότε
957 2675 986 2733 δὲ

184 2763 290 2841 ἀνδρῶν
308 2765 421 2846 ἀγαθῶν
439 2764 571 2840 περὶτῆς
590 2763 746 2839 ἐλευθερίης
763 2765 914 2844 γινομένων
931 2767 986 2821 τῶν

184 2853 388 2928 Περινθίων,οἶ
407 2851 519 2959 Πέρσαι
537 2876 568 2910 τε
587 2851 632 2909 καὶ
650 2849 665 2910 ὅ
685 2851 858 2930 Μεγάβαζος
872 2849 985 2926 ἐπεκρά-

182 2963 276 3048 τησαν
291 2939 408 3048 πληθεῖ.
440 2938 475 3001 ώς
491 2938 520 2997 δέ
539 2935 706 3018 ἐχειρώθη
688 2963 705 3013 η
723 2937 868 3014 Πέρινθος,
882 2937 986 3011 ἤλαυνε

182 3052 233 3086 τον
250 3026 372 3103 στρατὸν
391 3052 406 3085 ο
400 3023 601 3133 Μεγάβαζος
618 3023 714 3084 διαὶ
679 3050 729 3099 της
746 3024 875 3099 Θρηίκης,
888 3025 986 3077 πᾶσαν

182 3114 269 3174 πόλιν
277 3116 323 3174 καὶ
330 3119 390 3175 πᾶν
399 3115 522 3176 ἔθνος
484 3139 539 3172 των
546 3111 633 3188 ταύτῃ
642 3110 791 3185 οἰκημένων
799 3103 986 3180 ἡμερούμενος

182 3178 313 3278 βασίλει’·
334 3205 423 3263 ταῦτα
438 3200 492 3281 γάρ
509 3226 535 3258 οι
526 3198 733 3257 ’ἐντεταλτο’
720 3220 750 3252 εκ
767 3191 896 3265 Δαρείου»
913 3193 986 3260 Θρη-

183 3293 246 3369 ίκην
260 3289 518 3370 καταστρέφεσθαι.
