2280 3432
174 81 222 130 ιιι
482 81 664 130 ωνοιουου
898 77 976 144 [vn.

174 159 362 238 πειρειίμενοι,
376 159 423 218 καὶ
436 159 506 218 κατά
519 159 602 220 τέλεα
617 160 662 218 καὶ
675 159 812 221 παντοίως
825 158 978 235 προσβάλ-

174 251 279 316 λοντες,
294 245 457 322 ἀπήλαυνον
470 245 570 306 ὀπίσω.
607 253 637 307 ἒν
652 248 772 326 ταύτῃσι
787 250 855 324 τῇσι
872 245 978 323 προσό-
1060 315 1065 322 Ι

175 335 251 394 δοισι
272 339 323 410 τῆς
342 334 436 414 μάχης
460 336 574 416 λέγεται
596 335 725 411 βασιλέα
749 333 900 410 θηεύμενον
920 334 980 410 τρὶς
1034 321 1063 402 δ

176 421 344 500 ἀναδραμεῖν
355 427 384 481 ἐκ
397 428 447 483 τοῦ
461 422 570 500 θρόνου,
581 423 712 483 δείσαντα
725 422 789 498 περὶ
802 425 837 500 τῇ
848 425 978 499 στρατιῇ.
1041 409 1065 471 3

128 510 267 570 212Τότε
293 513 345 586 μὲν
372 510 442 570 οὕτω
468 509 652 592 ήγωνίσαντο·
680 513 716 589 τῇ
744 509 767 569 δ’
790 508 925 586 ύστεραίη
953 513 980 567 οἱ
1034 485 1065 528 δ’

175 597 321 674 βάρβαροι
345 596 424 658 οὐδὲν
444 597 556 674 ἄμεινον
577 597 703 658 ἀέθλεον·
731 596 779 656 ἅτε
799 595 854 677 γάρ
875 594 980 676 ὀλίγων
1040 587 1059 694 ξ

178 683 284 754 ε’όντων,
296 685 462 748 ἐλπίσαντές
476 692 568 760 σφεας
582 684 876 762 κατατετρωματίσθαι
888 708 919 743 τε
933 684 980 742 καὶ
1035 697 1056 754 μ
1085 739 1090 748 ,
1130 707 1132 716 ’

178 770 227 829 ούκ
244 773 318 835 οἴους
333 798 364 832 τε
381 774 497 833 ἔσεσθαι
514 774 554 832 ἔτι
566 777 661 852 χεῖρας
677 771 885 848 ἀνταείρασθαι,
900 771 980 830 συνέ-
1035 768 1067 880 ξ

177 860 301 934 βαλλον·
329 864 356 920 οἱ
380 861 409 920 δὲ
430 861 570 936 Ἕλληνες
594 859 664 919 κατὰ
686 860 763 929 τάξις
786 885 817 918 τε
841 860 887 917 καὶ
908 861 980 918 κατοὶ
1009 873 1066 941 &Q

178 947 257 1007 ἔθνεα
276 950 479 1026 κεκοσμημένοι
493 947 575 1025 ἦσαν,
591 948 636 1006 καὶ
653 953 681 1008 ἒν
693 949 771 1025 μέρεϊ
787 947 902 1006 ἕκαστοι
915 945 980 1022 ε’μά·
1014 975 1072 1064 ΣΞ

177 1060 271 1113 χοντο,
282 1036 359 1111 πλήν
369 1036 492 1096 Φωκέων·
509 1034 586 1095 οὗτοι
599 1036 629 1094 δὲ
643 1039 671 1098 ές
683 1035 716 1093 τό
727 1033 808 1112 οὖρος
819 1032 980 1113 ἐτάχθησαν
1051 1087 1060 1100 ,

179 1123 352 1198 φυλάξοντες
369 1123 421 1198 τήν
437 1122 571 1200 ἀτραπόν·
593 1123 629 1186 ὥς
646 1123 676 1182 δὲ
694 1122 774 1182 οὐδὲν
787 1121 917 1199 εὕρισκον
930 1121 980 1181 άλ-
1013 1104 1048 1244 ,φ

178 1210 322 1287 λοιότερον
341 1214 368 1271 οἱ
387 1211 500 1288 Πέρσαι
519 1209 538 1288 ἢ
557 1215 592 1290 τῇ
610 1211 761 1289 προτεραίῃ
780 1208 893 1286 ἐνάρων,
909 1207 981 1286 όπή·
1016 1245 1040 1278 ,ς

180 1301 292 1358 λαυνον.

132 1387 190 1444 213
218 1385 403 1470 Ἀτορέοντος
413 1385 442 1446 δὲ
452 1386 591 1462 βασιλέος
599 1385 615 1446 ό
622 1411 650 1447 τι
659 1385 797 1471 χρήσεται
804 1390 843 1466 τῷ
849 1383 981 1462 παρεόντι
1001 1377 1028 1426 (Γ

179 1472 332 1553 πρήγματι,
354 1473 508 1550 Ἐπιάλτης
530 1473 546 1534 ὁ
570 1472 736 1551 Εὐρυδήμου
760 1472 830 1550 ἀνήρ
854 1472 981 1549 Μηλιεύς

178 1557 251 1634 ἦλθέ
264 1563 290 1618 οἱ
305 1565 331 1623 ἐς
345 1559 453 1641 λόγους,
468 1561 503 1624 αἶς
514 1561 589 1642 μέγα
601 1587 629 1621 τι
642 1561 719 1639 παρά
731 1561 871 1637 βασιλέος
881 1559 982 1620 δοκέων

180 1647 320 1708 οἴσεσθαι·
338 1646 448 1725 ἔφρασέ
460 1674 492 1708 τε
504 1649 556 1725 τήν
569 1648 694 1728 ἀτραπόν
704 1650 756 1726 τήν
766 1647 811 1709 διὰ
823 1653 873 1708 τοῦ
887 1647 982 1726 ούρεος

180 1734 324 1812 φέρουσαν
341 1740 368 1798 ἐς
385 1735 578 1813 Θερμοπύλας,
593 1739 639 1797 καὶ
657 1738 797 1816 διέφθειρε
813 1735 878 1798 τούς
894 1735 982 1815 ταύτῃ

179 1821 379 1899 ύπομείναντας
401 1821 556 1900 Ἑλλήνων·
583 1825 702 1903 ὕστερον
725 1826 755 1885 δὲ
777 1825 873 1888 δείσας
892 1830 980 1883 Λακε-

180 1910 336 1988 δαιμονίους
352 1913 437 1994 ἔφυγε
454 1916 481 1976 ές
494 1914 668 1989 Θεσσαλίην·
690 1914 739 1972 καί
752 1915 779 1973 οἱ
793 1911 911 1994 φυγόντι
926 1907 982 1972 ὖπό

179 2003 234 2060 τῶν
248 2001 423 2082 Πυλαγόρων
435 2002 502 2082 (τῶν
514 2000 727 2078 Ἀμφικτυόνων
743 2007 770 2065 ές
787 2000 839 2077 τήν
852 2000 983 2076 Πυλαίην

181 2089 406 2168 συλλεγομένων)
421 2087 553 2170 ἀργύριον
571 2089 755 2168 ἐπεκηρύχθη·
777 2087 867 2168 χρόνῳ
885 2087 915 2146 δὲ
932 2086 983 2147 ὗσ-

180 2199 269 2250 τερον,
298 2177 421 2251 κατῆλθε
446 2175 501 2256 γάρ
529 2182 557 2240 ε’ς
582 2176 754 2254 Ἀντικύρην,
779 2175 900 2236 ἀπέθανε
926 2173 982 2234 ὖπό
1006 2212 1068 2250 ‚2

180 2259 338 2336 Ἀθηνάδεω
356 2262 454 2340 α’νδρδς
471 2266 629 2344 Τρηχινίου·
652 2263 667 2324 ό
686 2265 716 2324 δὲ
731 2263 886 2340 Ἀθηνάδης
904 2230 1063 2360 οὗτοςβῗθ

181 2346 324 2407 α’πέκτεινε
343 2352 395 2425 μὲν
412 2350 565 2410 Ἐπιάλτεα
584 2351 617 2412 δι’
634 2351 727 2428 ἄλλην
745 2351 843 2426 αἰτίην,
859 2349 911 2424 τήν
930 2349 984 2430 ἔγω
1028 2347 1033 2352 ’

181 2439 211 2494 ἐν
230 2438 307 2495 τοῖσι
326 2434 428 2497 όπισθε
448 2437 563 2520 λόγοισι
584 2440 724 2516 σημανέω·
749 2437 867 2516 ἐτιμήθη
887 2438 984 2514 μέντοι

180 2521 235 2581 ὗπό
258 2523 483 2601 Λακεδαιμονίων
506 2525 585 2587 ούδέν
608 2524 712 2603 ἧσσον.
752 2525 908 2602 Ἐπιάλτης
933 2526 985 2602 μὲν

182 2609 252 2670 οὕτω
265 2609 383 2688 ὕστερον
396 2611 500 2673 τούτων
514 2613 644 2676 ἀπέθανε.

133 2697 193 2756 214
218 2696 304 2758 Ἔστι
324 2699 354 2758 δὲ
372 2700 464 2776 ἔτερος
481 2701 633 2782 λεγόμενος
651 2702 746 2784 λόγος,
765 2699 801 2765 οἷς
816 2699 937 2778 Ὀνήτης
953 2725 985 2760 τε

182 2784 198 2844 ὁ
214 2785 380 2868 Φαναγόρεω
395 2786 465 2865 ἀνήρ
480 2789 641 2866 Καρύστιος
658 2791 704 2848 καὶ
723 2788 910 2866 Κορυδαλλός
922 2787 986 2848 Ἀν·

181 2875 305 2951 τικυρεύς
319 2876 374 2934 εἶσὶ
391 2878 418 2935 οἱ
432 2877 556 2939 εἴπαντες
568 2877 639 2953 πρός
651 2877 781 2953 βασιλέα
791 2875 907 2938 τούτους
919 2873 986 2938 τούς

183 2960 292 3042 λόγους,
306 2963 351 3022 καὶ
364 2962 602 3044 περιηγησάμενοι
615 2964 648 3024 τό
660 2963 741 3042 οὖρος
750 2967 827 3025 τοῖσι
840 2962 983 3042 Πέρσησι,

183 3048 310 3126 οὐδαμῶς
330 3052 395 3129 ἐμοί
411 3077 445 3132 γε
465 3051 575 3116 πιστός·
596 3056 680 3113 τοῦτο
697 3054 749 3129 μὲν
766 3051 822 3133 γάρ
839 3049 908 3128 τῷδε
927 3050 984 3126 χρή

184 3138 419 3214 σταθμώσασθαι,
446 3137 491 3201 ὅτι
517 3141 544 3200 οἱ
570 3141 626 3202 τῶν
647 3138 793 3215 Ἑλλήνων
818 3133 985 3216 Πυλαγόροι

184 3223 354 3301 ἐπεκήρυξαν
368 3227 417 3288 ούκ
431 3228 477 3287 ε’πὶ
488 3225 594 3306 Ὀνήτῃ
606 3253 638 3288 τε
655 3229 701 3286 καὶ
715 3223 889 3302 Κορυδαλλῷ
902 3218 985 3301 άργύ·
