2280 3432
161 141 302 204 ττι-τοο]
476 139 662 190 nomm.
913 137 959 189 ιιι

161 244 221 296 μαι·
250 216 309 277 οῦτι
328 216 379 278 τόν
399 213 453 278 σόν
472 217 579 277 στόλον
605 217 745 294 προειδιδς,
769 216 847 278 ἀλλὰ
869 215 961 276 πάντα

161 305 262 383 ὁμοίως
279 304 456 382 φοβεόμενος
476 304 582 382 α’νδριῦν
602 305 717 365 στόλον·
746 309 775 363 ἐκ
799 305 900 380 ταύτης
924 303 960 364 ὦν

160 397 212 468 τῆς
233 393 322 469 νήσου
346 393 524 471 όρμειόμενοι,
551 393 716 470 φοβεόντων
744 391 809 456 τοῦς
829 393 961 451 Λακεδαι-

105 514 117 565 3
161 481 282 557 μονίους·
309 481 444 559 παροίκου
465 480 495 539 δὲ
514 482 641 558 πολέμου
662 487 718 557 σφι
739 481 831 543 ε’όντος
847 481 961 555 οἰκηίου,

54 598 63 605 ·
162 567 240 628 οῦδὲν
263 569 346 629 δεινοὶ
368 569 483 628 ἔσονταί
502 595 555 638 τοι,
577 568 617 645 μή
637 573 687 645 τῆς
711 567 801 644 όλλης
823 567 962 630 Ἑλλάδος

72 725 83 738 N
105 695 115 710 ς
161 654 350 732 ἁλισκομένης
364 655 418 715 ῦπδ
433 660 485 716 τοῦ
499 659 585 728 πεζοῦ
602 657 747 732 βοηθέωσι
762 655 857 734 ταύτῃ·
879 681 961 714 κατα-

84 740 110 822 f:
161 741 348 818 δουλωθείσης
368 743 398 801 δὲ
418 747 469 818 τῆς
490 742 581 819 ι’ίλλης
601 742 749 814 Ἑλλάδος,
770 743 886 806 οἷσθενές
907 743 961 818 ἤδη

84 851 108 908 ‘s
162 828 196 888 τδ
218 828 379 889 Λακωνικόν
398 835 503 906 μοῦνον
523 832 658 890 λείπεται.
699 829 734 906 ἢν
756 831 785 889 δὲ
807 835 894 890 ταῦτα
921 830 961 906 μή

75 947 79 954 ·
161 920 252 996 ποιῇς,
266 915 332 976 τόδε
347 941 391 976 τοι
407 916 553 998 προσδόκα
571 918 698 977 ἔσεσθαι·
725 919 785 976 ἔστι
803 923 854 992 τῆς
869 922 961 976 Πελο-

161 1003 305 1078 ποννήσου
320 1003 421 1080 ἰσθμός
430 1003 548 1068 στεινός·
567 1010 597 1065 έν
608 1003 697 1083 τοότιρ
709 1008 747 1082 τῷ
760 1003 840 1083 χοίρῳ
852 1004 961 1064 πόντων

163 1091 400 1167 Πελοποννησίων
418 1092 635 1170 συνομοσάντων
648 1093 694 1152 ἐπὶ
708 1093 764 1161 σοὶ,
777 1091 871 1170 μόχας
885 1096 962 1170 ἰσχυ-

162 1180 276 1256 ροτέρας
286 1179 377 1243 ἄλλος
386 1185 441 1240 τῶν
450 1180 604 1261 γενομένων
617 1180 771 1255 προσδέκεο
782 1179 901 1238 ἔσεσθαί
908 1203 961 1237 τοι·
1021 1243 1023 1248 ,

164 1271 250 1326 ἐκεῖνο
270 1267 301 1326 δὲ
317 1266 470 1343 ποιήσαντι
487 1266 612 1347 ἀμαχητὶ
628 1267 690 1327 ὅτε
708 1266 809 1344 ἰσθμός
822 1265 902 1329 οὗτος
915 1267 960 1324 καὶ

162 1357 191 1412 αἱ
217 1353 301 1418 πόλις
328 1354 594 1434 προσχωρήσουσι.”
642 1356 726 1437 Λέγει
747 1354 818 1432 μετδ
843 1355 1008 1414 τοῦτον236

161 1439 339 1520 Ἀχαιμένης,
350 1442 488 1520 α’δελφεός
497 1467 528 1502 τε
539 1442 590 1503 εἰῦν
599 1443 707 1520 Ξέρξεω
718 1444 764 1502 καὶ
773 1446 824 1503 τοῦ
834 1446 962 1502 ναυτικοῦ

162 1532 287 1606 στρατοῦ
314 1529 481 1612 στρατηγός,
504 1530 672 1610 παρατυχόν
696 1557 728 1590 τε
748 1533 787 1610 τῷ
809 1529 895 1611 λόγῳ,
917 1529 963 1587 καὶ

162 1616 256 1680 δείσας
281 1618 322 1695 μή
349 1616 517 1699 ἀναγνωσθῇ
542 1619 649 1696 Ξέρξης
670 1621 774 1678 ποιέειν
793 1621 890 1678 ταῦτα·
922 1615 962 1674 “03

162 1705 295 1779 βασιλεῦ,
323 1704 393 1783 όρέω
420 1732 455 1765 σε
478 1705 577 1784 α’νδρός
604 1706 781 1784 ἐνδεκόμενον
807 1706 909 1787 λόγους
932 1704 962 1768 ῦς

163 1792 277 1866 φθονέει
289 1819 333 1852 τοι
347 1793 377 1852 εῦ
390 1793 560 1870 πρήσσοντι,
573 1792 592 1869 ή
606 1793 652 1852 καὶ
666 1794 795 1870 προδιδοῖ
811 1793 963 1873 πρήγματα

161 1877 198 1938 τὰ
207 1878 257 1938 σοί·
271 1880 318 1938 καὶ
327 1879 382 1959 γοῖρ
395 1879 429 1954 δή
444 1880 491 1937 καὶ
502 1879 634 1956 τρόποισι
646 1879 799 1938 τοιούτοισι
811 1880 963 1958 χρεόμενοι

162 1966 190 2022 οἱ
204 1963 345 2040 Ἕλληνες
366 1966 507 2042 χαίρουσι·
535 1969 586 2024 τοῦ
606 1989 637 2024 τε
656 1965 793 2043 εὐτυχέειν
810 1967 964 2041 φθονέουσι

163 2050 210 2108 καὶ
234 2050 268 2110 τό
295 2051 418 2127 κρέσσον
439 2051 600 2132 στυγέουσι.
642 2055 665 2108 εἰ
689 2052 711 2110 δ’
734 2053 779 2111 ἐπὶ
799 2055 868 2130 τῇσι
888 2077 971 2129 παρε-

164 2137 270 2216 ούσῃσι
287 2136 401 2216 τόχησι,
410 2142 470 2208 (τῶν
482 2139 541 2201 νέες
553 2137 758 2218 νεναυηγήκασι
775 2138 962 2216 τετρακόσιαι,

163 2222 255 2289 ἄλλος
276 2230 307 2285 ἐκ
326 2229 377 2286 τοῦ
400 2225 591 2303 στρατοπέδου
608 2226 771 2303 τριηκοσίας
788 2225 963 2306 α’ποπέμψεις

162 2313 330 2390 περιπλώειν
351 2313 580 2390 Πελοπόννησον,
604 2312 757 2394 ἀξιόμαχοί
773 2341 818 2375 τοι
840 2317 963 2396 γίνονται

163 2404 189 2461 οἱ
203 2402 362 2462 ἀντίπαλοι·
382 2399 455 2478 όλής
469 2402 499 2461 δὲ
514 2399 566 2462 εἰδν
582 2399 598 2462 ό
617 2402 743 2466 ναυτικὰς
761 2403 882 2481 στρατός
898 2404 963 2463 δυσ-

164 2489 375 2568 μετοχείριστός
396 2515 428 2550 τε
449 2489 560 2550 αῦτοῖσι
585 2490 700 2571 γίνεται,
725 2491 771 2549 καὶ
797 2489 887 2570 ἀρχήν
913 2491 963 2551 οῦκ

163 2575 315 2656 ἀξιόμαχοί
329 2603 374 2638 τοι
391 2579 513 2639 ἔσονται·
534 2577 581 2637 καὶ
598 2579 654 2640 ποῖς
667 2577 683 2637 ό
696 2579 821 2642 ναυτικὰς
836 2583 875 2658 τῷ
890 2581 964 2658 πεζῷ

162 2662 259 2738 ἀρήξει
272 2663 318 2722 καὶ
331 2663 348 2723 ό
360 2664 444 2736 πεζός
455 2669 494 2745 τῷ
507 2668 632 2744 ναυτικῷ,
646 2664 719 2741 ὁμοῦ
731 2665 924 2743 πορευόμενος·
939 2671 963 2726 εἰ

164 2748 194 2810 δὲ
212 2750 388 2822 διασπάσεις,
402 2751 466 2813 οὔτε
478 2753 516 2813 σῦ
528 2754 606 2813 ἔσεαι
620 2755 736 2814 κείνοισι
745 2753 887 2833 χρήσιμος
900 2753 963 2814 οὔτε

64 2805 143 2958 A}
164 2840 249 2901 κεῖνοι
263 2839 321 2897 σοι’.
361 2838 397 2899 τοὶ
411 2847 533 2901 σεωυτοῦ
547 2841 577 2900 δὲ
588 2839 731 2916 τιθέμενος
741 2841 779 2912 εῦ,
789 2841 902 2922 γνιόμην
916 2843 963 2920 ἔχε

59 2947 73 2959 *
163 2924 198 2983 τό
211 2928 266 2985 τῦν
279 2923 471 3003 ἀντιπολέμων
488 2927 529 3005 μή
548 2927 730 3008 ἐπιλέγεσθαι
748 2929 908 3008 πρήγματα,
926 2933 963 3006 τῇ

163 3037 195 3072 τε
207 3011 364 3088 στήσονται
375 3013 426 3074 τόν
438 3014 572 3091 πόλεμον,
586 3014 622 3074 τό
634 3041 666 3074 τε
678 3015 841 3090 ποιήσουσι,
855 3014 920 3074 ὅσοι
932 3041 963 3074 τε

163 3100 274 3177 πλῆθός
288 3103 352 3160 εἶσι·
374 3101 462 3161 ἱκανοὶ
472 3102 526 3184 γᾶρ
541 3103 641 3162 ἐκεῖνοί
651 3129 684 3185 γε
694 3101 773 3163 αὐτοὶ
783 3106 887 3162 ἑωυτῶν
900 3105 964 3181 πέρι

164 3189 321 3266 φροντίζειν
335 3189 399 3260 εἰσὶ,
411 3188 492 3267 ἡμεῖς
505 3189 534 3249 δὲ
544 3190 635 3266 ἡμέων
649 3190 789 3252 ὦσαύτως.
829 3191 964 3251 Λακεδαι-

163 3275 256 3349 μόνιοι
273 3275 304 3336 δὲ
319 3272 354 3352 ἢν
370 3277 435 3336 ἴωσι
450 3276 532 3336 ἀντία
549 3277 682 3353 Πέρσησι
695 3281 724 3339 ές
736 3276 838 3354 μάχην,
852 3276 915 3338 οῦδὲ
934 3279 964 3338 ἓν
