2294 3430
170 123 217 170 ιιι
475 118 657 168 Ἧυοιουοτ
894 117 969 182 [vn.

168 200 274 276 ἡμέρης
294 199 324 258 δὲ
344 197 556 274 ἐπιλαμψάσης,
570 195 678 273 ὀνείρου
696 197 749 274 μὲν
763 195 865 258 τοότου
881 197 970 279 λόγον

170 287 267 346 οόδένα
288 287 418 354 ἐποιέετο,
439 284 454 343 6
472 285 501 342 δὲ
520 284 653 360 Περσέων
671 286 827 347 συναλίσας
844 284 909 347 τοός
924 289 970 347 καὶ

169 375 305 452 πρότερον
318 374 457 443 συνέλεξε,
473 373 553 453 ἔλεγέ
562 378 618 448 σφι
627 371 703 431 τάδε.
717 383 734 406 “
743 371 838 449 ἀνδρες
849 373 969 450 Πέρσαι,

171 460 338 543 συγγνώμην
357 487 406 538 μοι
427 462 503 539 ἔχετε
524 459 567 519 ὅτι
584 459 767 540 ἀγχίστροφα
784 460 969 538 βουλεύομαι·

172 553 281 626 φρενῶν
293 573 324 607 τε
336 547 392 630 γάρ
406 553 433 610 ἐς
445 547 481 607 τοὶ
495 551 633 625 ἐμεωυτοῦ
648 551 746 623 πρῶτα
763 545 795 605 06
814 572 851 604 κω
869 546 969 623 ἀνήκω,

171 638 216 695 καὶ
232 639 259 696 οἱ
275 634 513 716 παρηγορεόμενοι
532 638 608 694 κεῖνα
625 635 729 694 ποιέειν
750 633 847 694 οὐδένα
868 635 970 714 χρόνον

170 750 221 800 μευ
242 722 403 802 ἀπέχονται·
432 721 585 783 ἀκούσαντι
605 722 701 799 μέντοι
727 746 776 797 μοι
802 725 852 798 τῆς
872 721 970 799 Ἀρτα-

169 811 259 889 βάνου
279 811 397 892 γνώμης,
420 811 576 887 παραυτίκα
602 812 653 886 μὲν
679 809 699 885 ἦ
726 807 820 885 νεότης
847 811 969 881 ε’πέζεσε,

87 959 91 966 ,
169 899 241 960 ὥστε
260 899 423 975 ἀεικέστερα
440 898 595 976 α’πορρίφαι
613 899 680 956 ἔπεα
695 903 722 960 ές
738 895 825 974 ἀνδρα
843 899 970 975 πρεσβύ-

168 1013 249 1064 τερον
270 985 288 1063 ἦ
312 986 405 1066 χρεόν·
427 989 475 1045 νῦν
492 985 588 1062 μέντοι
605 984 753 1066 συγγνοδς,
771 984 916 1063 χρήσομαι
933 993 970 1066 τῇ

169 1077 272 1135 ἐκείνου
289 1074 395 1156 γνώμῃ·
416 1074 451 1137 οἷς
469 1067 508 1134 ὦν
519 1074 755 1154 μεταδεδογμένον
767 1099 817 1150 μοι
830 1073 870 1150 μὴ
885 1100 970 1151 στρα·

124 1164 160 1221 14
171 1163 301 1234 σεύεσθαι
321 1164 367 1221 ε’πὶ
390 1161 442 1238 την
465 1161 600 1236 Ἑλλάδα,
622 1160 730 1240 ἥσυχοί
747 1159 837 1220 ε’στε.”
858 1163 970 1238 Πέρσαι
1004 1160 1007 1168 ’

168 1253 219 1327 μὲν
240 1250 275 1313 οἷς
294 1249 419 1325 ἤκουσαν
444 1255 541 1319 ταῦτα,
566 1247 748 1328 κεχαρηκότες
773 1249 969 1325 προσεκύνεον·

170 1338 267 1401 νυκτός
284 1337 314 1396 δὲ
329 1337 486 1419 γενομένης,
503 1335 580 1400 αὖτις
595 1335 683 1396 τῶυτό
704 1335 810 1414 ὄνειρον
822 1341 861 1415 τῷ
879 1337 970 1416 Ξέρξη

169 1427 368 1504 κατυπνωμένῳ
389 1426 467 1506 έλεγε
488 1425 616 1485 ἐπιστάν·
641 1423 688 1482 “ὦ
706 1429 759 1483 παῖ
776 1425 904 1502 Δαρείου,
924 1426 970 1484 καὶ

169 1511 203 1587 δη
218 1514 329 1588 φαίνεαι
348 1519 376 1588 ἐν
386 1513 529 1626 Πέρσησί
540 1539 571 1572 τε
585 1512 772 1589 ἀπειπάμενος
784 1512 970 1590 την-στρατη-

170 1599 282 1675 λασίην,
297 1600 342 1658 καὶ
359 1600 394 1660 τοὶ
413 1601 466 1676 ἐμοὶ
484 1601 550 1659 ἔπεα
564 1605 593 1660 εν
607 1600 696 1660 οὐδενὶ
709 1599 871 1676 ποιεύμενος
884 1598 969 1681 λόγῳ,

171 1687 205 1750 ὦς
218 1713 275 1764 παρ
275 1687 435 1751 ὀὀδενός’
419 1687 550 1752 ακούσας·
572 1687 601 1746 εὖ
616 1713 663 1748 νυν
676 1687 732 1747 τόδ’
746 1687 848 1756 ἴσθι,
828 1713 915 1774 ηνπερ
929 1713 969 1764 μη

169 1775 267 1836 αὐτίκα
260 1777 498 1886 στρατηλατέῃς,
512 1776 578 1836 τάδε
592 1801 636 1836 τοι
646 1773 720 1845 ε’ξ’
686 1779 775 1835 αυτῶν
785 1773 969 1854 ἀνασχήσειν·

169 1888 204 1926 ως
224 1864 270 1922 καὶ
289 1865 377 1945 μέγας
398 1865 444 1922 καὶ
464 1863 608 1927 πολλός’
596 1864 687 1944 εγένεο
710 1863 739 1922 έν
762 1860 849 1944 ὀλίγῳ
870 1862 969 1942 χρόνῳ,
1022 1847 1044 2026 Ξ

124 1952 160 2009 15
169 1951 239 2011 οὕτω
253 1953 298 2011 καὶ
311 1951 440 2015 ταπεινάς
454 1951 545 2010 ὀπίσω
559 1951 630 2010 κατά
639 1948 725 2030 τάχος
735 1948 838 2009 έσεαι.”
865 1949 970 2027 Ξέρξης
1002 1969 1010 1985 ·

169 2043 228 2116 μὲν,
246 2040 372 2152 περιδεὴς
387 2038 535 2152 χενόμενος
551 2043 588 2116 τῇ
605 2037 678 2117 ὄψει,
695 2037 748 2098 ἀνά
767 2063 799 2098 τε
820 2038 919 2115 έδραμε
940 2043 970 2096 έκ
998 2025 1046 2161 (ἐξ

168 2131 218 2203 τῆς
242 2129 342 2203 κοίτης,
367 2127 413 2185 καὶ
436 2127 539 2203 πέμπει
566 2125 688 2237 ἄγγελον
715 2127 762 2186 ,ε’πὶ
789 2124 1042 2202 Ἀρτάβανον

170 2216 315 2274 καλέοντα·
349 2213 505 2292 ἀπικομένῳ
535 2213 620 2272 δέ“
595 2240 622 2272 οι
653 2215 732 2296 ἔλεγε
764 2215 869 2291 Ξέρξης
894 2213 969 2273 τάδε·
998 2185 1042 2330 ἓ

169 2312 187 2338 “
194 2301 361 2378 Ἀρτάβανε,
376 2300 475 2382 έγο)
442 2327 475 2360 το
488 2301 646 2378 παραυτίκα
659 2305 710 2378 μὲν
724 2301 774 2362 οόκ
786 2263 1039 2380 ε’σωιφριίνεον,“Α
1000 2353 1038 2443 .

169 2391 247 2452 εἶπας
261 2394 288 2452 ε’ς
301 2392 335 2448 σὲ
347 2388 452 2465 μάταια
465 2390 532 2447 ἔπεα
544 2395 671 2468 χρηστῆς
682 2390 771 2450 εἵνεκα
782 2363 1038 2466 συμβουλίηςεδ

168 2475 240 2554 μετά
260 2477 355 2553 μέντοι
376 2501 408 2534 ου
400 2475 538 2536 ’πολλόν
555 2476 657 2556 χρόνον
672 2478 819 2558 μετέγνων,
839 2479 923 2558 ἔγνων
941 2478 971 2536 δὲ
1004 2462 1037 2760 j
1062 2465 1066 2472 Ι

1122 2159 1136 2216 λ

168 2563 256 2623 ταῦτά
275 2589 324 2640 μοι
344 2564 460 2639 ποιητέα
482 2562 562 2624 ε’ὀντα
580 2563 615 2624 τά
632 2590 669 2624 σν
660 2563 840 2640 ὑπεθήκαο
882 2563 970 2624 οὔκων

169 2651 283 2715 δυνατάς
295 2653 510 2728 τοίείηῗταῦτα
525 2653 629 2714 ποιέειν
647 2652 833 2729 βουλόμενος·
853 2676 971 2729 τετρομ

168 2740 240 2818 μένῳ
263 2740 317 2820 γάρ
341 2739 375 2816 δη
402 2740 448 2799 καὶ
454 2740 658 2887 δμετεγνωκότι
685 2739 880 2816 ε’πιφοιτῶν”
864 2765 971 2818 ονειρον

169 2827 340 2904 φαντάζεταί
353 2853 410 2905 μοι,
430 2827 556 2904 οὐδαμῶς
571 2829 737 2888 συνέπαινον
756 2826 802 2888 ἐόν
818 2827 922 2888 ποιέειν
934 2852 1002 2904 με
995 2805 1036 2889 6

168 2919 264 2976 ταῦτα·
288 2918 338 2975 νῦν
356 2915 385 2974 δε
404 2941 449 2974 και
439 2915 699 2991 διαπειλῆσαν”
671 2939 788 2994 οιχεται·
813 2920 837 2975 εί
853 2915 890 2976 ὦν
908 2914 971 2978 θεός

169 3007 230 3064 ε’στι
252 3001 268 3064 6
293 3003 463 3080 ἐπιπέμπων,
486 3004 534 3061 καί
556 3006 583 3062 οἶ
605 3002 713 3065 πάντως
740 3007 770 3062 έν
794 3001 882 3081 ἡδονῇ
908 3005 970 3060 ἔστι
988 2933 1031 3142 αξ
1119 3081 1135 3186 ⁴

168 3092 300 3173 γενέσθαι
307 3091 519 3169 στρατηλασίην
530 3091 575 3150 ε’πὶ
584 3089 776 3167 τὴνἙλλάδα,
786 3089 970 3170 ἐπιπτήσεται

169 3179 215 3238 καὶ
233 3181 281 3240 σοὶ
298 3179 385 3243 τιίυτό
403 3183 488 3241 τοῦτο
506 3177 613 3256 ὄνειρον
625 3177 726 3255 ὁμοίως
740 3177 786 3236 καὶ
802 3177 863 3254 ε’μοὶ
878 3178 970 3234 έντελ-

170 3266 297 3340 λόμενον·
313 3269 431 3346 εόρίσκιο
440 3265 470 3328 δὲ
482 3263 534 3328 ὦδε
543 3264 579 3327 ἃν
587 3263 720 3345 γινόμενα
729 3267 824 3332 ταῦτα,
833 3265 857 3322 εί
866 3261 970 3340 λάβοις
