2280 3432
159 119 301 184 ιιι-ιιι]
464 118 650 168 Ποκεκκιι.
913 119 959 167 211

158 199 208 259 οόκ
235 199 383 261 ἐθέλοντας
409 195 679 266 συνδιακινδυνεύειν,
707 198 844 257 κελεῦσαί
870 202 961 272 σφεας

157 285 410 347 ἀπαλλάσσεσθαι·
438 285 511 365 αότῷ
533 283 600 344 δὲ’
583 286 693 345 απιέναι
713 312 746 344 ου
738 284 893 349 ’καλῶς’
878 310 960 363 εχειν.

157 375 268 451 μένοντι
282 373 359 433 δὲ’
324 400 409 434 αυτου
396 373 551 436 κλέος’
513 399 587 454 μεγα
599 373 732 442 έλειπετο,
744 379 790 430 καὶ
800 399 818 447 η
811 371 975 481 Σπάρτης
982 369 1001 433 2

134 459 370 539 εὖδαιμονιη’
338 487 387 520 ουκ
409 460 618 537 ε’ξηλειφετο·’
606 461 739 539 εκέχρητο
759 459 814 540 γάρ
835 458 890 519 όπό
910 464 962 536 τῆς

118 551 265 626 λΠυθίης
287 553 364 610 τοῖσι
389 548 592 627 Σπαρτιήτῃσι,
614 548 798 626 χρεωμένοισι
821 547 885 624 περὶ
910 551 997 631 τοῦς

156 639 283 712 πολέμου
307 635 406 696 τούτου
429 635 528 695 αὐτίκα
549 634 608 694 κατ’
629 635 726 745 ἀρχάς
738 635 921 716 ἐγειρομένου,
942 633 961 711 ἢ

77 721 379 803 Λακεδαίμονα’
362 720 520 781 ανάστατον
529 721 688 802 γενέσθαι
672 722 727 782 υπό
740 727 794 782 τῶν
803 722 1004 799 βαρβάρων

117 836 175 884 η
187 836 237 870 τον
250 809 378 886 βασιλέα
393 815 490 885 σφεων
504 808 686 874 ἀπολέεσθαι.
719 835 806 868 ταυτα
820 811 852 870 δέ
863 814 991 886 σφι’
933 835 963 870 εν

157 898 237 957 ἔπεσι
250 897 455 973 έξαμέτροοσι’Ι
441 921 541 974 εχοντα
553 899 619 975 χρά,
634 897 755 976 λέγοντα
768 894 830 956 ὦδε·
987 903 989 908 ’

186 1040 254 1098 Τμΐν
272 1037 299 1097 δ’,
319 1035 338 1084 ὦ
355 1036 472 1098 Σπάρτης
489 1037 610 1128 οἰκήτορες
628 1035 771 1098 εὐρυχόροιο,

158 1125 160 1130 ·
188 1128 204 1169 η
194 1108 287 1170 μέγα
304 1110 381 1156 όστυ.
380 1107 505 1170 ’ρικῡδὲς’
495 1109 534 1155 υπ’
552 1107 650 1168 ἀνδράσι
668 1109 834 1168 Περσεΐδῃσι

189 1181 312 1242 πέρθεται·
331 1179 393 1238 ἣτδ
409 1181 452 1238 μὲν
469 1181 531 1240 οόχί,
553 1179 594 1240 ἀφ’
607 1181 756 1241 ’Ἡρακλέους
774 1181 800 1228 δὲ
815 1179 932 1240 γενέθλης
995 1171 997 1178 ’

189 1253 306 1311 πενθήσει
323 1253 417 1314 βασιλῆ
434 1253 546 1312 φθίμενον
563 1253 738 1318 Λακεδαίμονος
756 1251 829 1314 οὖρος.
990 1243 993 1249 ’

190 1325 282 1385 οὐγὰρ
298 1325 340 1372 τόν
357 1325 450 1384 ταύρων
467 1324 556 1383 σχήσει
573 1324 642 1381 μένος
659 1325 713 1371 οὐδὲ
730 1324 834 1372 λεόντων

190 1395 307 1458 ἀντιβίην·
326 1395 398 1453 Ζηνός
415 1395 464 1456 γὰρ
481 1397 533 1454 ἔχει
548 1395 626 1452 μένος’
645 1395 698 1442 οὐδέ
715 1395 727 1442 έ
744 1396 807 1456 φημί

189 1468 333 1528 σχήσεσθαι,
354 1467 410 1528 πρίν
425 1465 495 1514 τῶνδ’
513 1467 594 1528 ἕτερον
611 1467 650 1514 διὰ
667 1466 748 1514 πάντα
765 1467 877 1526 δάσηται.

155 1599 243 1662 ταῦτά
255 1626 287 1660 τε
300 1599 335 1676 δή
349 1598 548 1680 ἐπιλεγόμενον
561 1599 708 1675 Λεωνίδην,
723 1599 769 1658 καὶ
782 1598 961 1676 βουλόμενον
1017 1609 1019 1616 ’

114 1701 116 1706 ’
156 1689 238 1752 κλέος
255 1687 426 1750 καταθέσθαι
446 1691 550 1764 μοῦνον
569 1688 772 1764 Σπαρτιητέων,
792 1686 958 1766 ἀποπέμψαι

155 1776 220 1840 τούς
247 1775 413 1854 συμμάχους
443 1779 565 1851 μᾶλλον,
596 1773 615 1850 ἢ
641 1766 742 1856 γνώμη
771 1775 960 1853 διενεχθέντας

157 1862 227 1923 οὕτω
240 1863 371 1938 ἀκόσμως
387 1863 518 1939 οἴχεσθαι
533 1861 598 1924 τούς
612 1863 784 1939 οἰχομένους.
826 1861 939 1938 Μαρτό-
949 1863 1005 1922 221

155 1975 217 2026 ριον
242 1949 274 2008 δέ
298 1974 348 2024 μοι
369 1949 416 2006 καὶ
436 1947 500 2007 τόδε
524 1947 574 2005 οὐκ
598 1947 752 2025 ε’λάχιστον
773 1948 873 2007 τούτου
895 1949 960 2026 πέρι

155 2037 263 2116 γέγονε·
285 2035 318 2093 οὗ
335 2033 392 2114 γάρ
413 2035 516 2110 μοῦνόν
536 2033 602 2097 τούς
622 2033 727 2096 ἀλλους
747 2033 825 2092 ἀλλά
846 2036 892 2093 καὶ
911 2035 962 2095 τόν

155 2122 256 2199 μα’ντιν
272 2120 302 2185 ὃς
319 2121 412 2180 εἵπετο
431 2125 468 2198 τῇ
488 2125 607 2199 στρατιῇ
627 2120 723 2200 ταύτῃ,
738 2122 897 2202 Μεγιστίην
909 2121 960 2182 τόν
1015 2131 1018 2140 ’

156 2209 313 2288 Ἀκαρνῆνα
327 2207 480 2290 λεγόμενον
494 2207 563 2267 εἶναι
576 2207 612 2268 τά
626 2207 758 2268 ἀνέκαθεν
771 2208 827 2268 ἀπό
841 2208 960 2286 Μελόμ-

156 2299 249 2373 ποδός,
263 2301 363 2361 τοῦτον
377 2296 493 2355 εἴπαντα
507 2299 537 2354 ε’κ
550 2299 606 2356 τῶν
620 2299 685 2374 ἱρῶν
697 2295 733 2356 τοὶ
746 2297 891 2373 μελλοντά
904 2304 961 2374 σφι
985 2306 991 2320 ’
1005 2333 1025 2351 .-

156 2388 296 2464 έκβαίνειν
320 2384 442 2462 φανερός
469 2389 531 2444 ε’στι
551 2384 689 2460 Λεωνίδης
713 2383 893 2462 ἀποπέμπων,
916 2385 960 2446 ἵνα

156 2474 196 2550 μή
217 2473 416 2549 συναπόληταί
434 2477 500 2548 σφι·
535 2471 552 2532 ό
572 2473 602 2531 δὲ
622 2472 858 2550 ἀποπεμπόμενος
877 2472 962 2537 αὐτός

156 2564 208 2636 μὲν
228 2561 278 2621 οὐκ
296 2561 457 2636 ἀπελίπετο,
478 2561 528 2621 τόν
549 2559 579 2619 δὲ
594 2560 682 2620 παῖδα
701 2561 961 2639 συστρατευόμενον

157 2647 238 2707 ε’όντα
250 2652 277 2707 οἱ
290 2650 458 2730 μουνογενέα
471 2646 627 2726 ἀπέπεμψε.

198 2738 235 2794 Οἱ
247 2735 299 2811 μέν
313 2761 361 2796 νυν
375 2736 523 2815 σύμμαχοι
536 2739 563 2796 οἱ
579 2735 812 2813 ἀποπεμπόμενοι
828 2735 938 2814 οἴχοντο
931 2727 1006 2796 222

156 2846 188 2882 τε
211 2821 347 2895 ἀπιόντες,
371 2823 417 2881 καὶ
445 2824 588 2883 ἐπείθοντο
611 2823 744 2901 Λεωνιδῃ·
772 2824 907 2886 Θεσπιέες
930 2823 961 2882 δὲ

157 2935 204 2970 και
194 2909 347 2985 Θηβαῖοι
368 2910 529 2986 κατέμειναν
548 2913 648 2986 μοῦνοι
665 2935 741 2986 παρα
732 2909 958 2985 Λακεδαιμονί·
1009 2980 1014 2990 ⁴

157 3023 226 3057 οισι·
242 2996 347 3056 τούτων
360 2995 390 3054 δὲ
403 2997 574 3072 Θηβαῖοι
540 3023 592 3073 μεν
604 2996 733 3059 ἀέκοντες
747 2997 851 3073 ἔμενον,
867 2995 912 3054 καὶ
926 2994 968 3055 οὐ
994 3029 1013 3062 0

155 3083 339 3163 βουλόμενοι·
360 3087 471 3162 κατεῖχε
484 3083 539 3164 γάρ
552 3091 645 3160 σφεας
655 3084 818 3160 Λεωνιδης
805 3109 834 3142 εν
847 3081 959 3160 ὁμήρων

18 3131 23 3204 ί
155 3174 234 3257 λόγῳ
253 3170 424 3249 ποιεόμενος·
445 3173 581 3236 Θεσπιέες
601 3173 663 3231 δὲ
651 3171 759 3234 εκόντες
779 3169 960 3247 μάλιστα,
933 3197 961 3231 οι

157 3261 207 3322 οόκ
228 3263 339 3338 ἔφασαν
359 3258 546 3322 ἀπολιπόντες
572 3259 713 3334 Λεωνίδην
737 3258 783 3316 καὶ
808 3256 874 3320 τοθς
899 3258 960 3334 μετ’
