2240 3424
161 77 209 126 310
461 75 651 125 ΥΗτοιοτοτ
896 76 960 142 [m

160 154 256 236 ἐπεῖχέ
270 179 301 214 τε
319 154 365 214 έπὶ
382 155 616 231 Λακεδαιμονίους
632 179 663 214 τε
682 153 728 214 καὶ
741 153 881 236 Τεγεήτας
892 157 963 234 μού-

160 269 232 306 νους·
252 242 414 317 Ἀθηναίους
429 242 484 322 γάρ
501 242 690 318 τραπομένους
706 247 733 305 ἐς
746 241 779 301 τδ
793 243 889 304 πεδίον
904 244 962 306 ὑπό

158 335 213 391 τῶν
226 331 317 409 όχθων
330 327 362 388 οὔ
379 329 498 406 κατώρα·
521 331 636 406 Πέρσας
649 329 679 388 δὲ
691 329 815 406 ὁρέοντες
834 330 962 409 ώρμημέ-

161 444 224 481 νους
241 418 346 477 διώκειν
365 415 430 480 τούς
442 417 587 494 Ἕλληνας
600 420 627 476 οἶ
642 419 738 477 λοιποὶ
749 422 805 477 τῶν
817 421 961 498 βαρβαρι-

161 510 216 566 κών
227 505 329 566 τελέων
344 504 486 584 ἄρχοντες,
497 505 595 565 αὐτίκα
605 504 705 570 πάντες
714 505 784 584 ἦραν
793 506 829 566 τά
840 509 959 584 σημὴἴα,

158 593 204 653 καὶ
228 593 340 654 ἐδίωκον
363 591 399 656 ώς
418 593 511 654 ποδῶν
532 594 649 657 ἕκαστος
669 594 753 672 εἶχον,
775 593 839 655 οὔτε
862 595 961 677 κόσμιρ

158 680 248 742 οὐδενὶ
266 683 453 759 κοσμηθέντες
471 680 534 741 οὔτε
549 681 621 751 τάξι·
643 683 688 740 καὶ
702 680 779 741 οὗτοι
791 684 844 759 μέν
855 685 915 762 βοῇ
928 711 962 746 τε

158 771 205 828 καὶ
231 769 322 850 ὁμίλῳ
350 769 477 846 ἐπήϊσαν,
500 768 536 834 ώς
559 768 785 847 ἀναρπασόμενοι
808 769 872 834 τούς
889 770 961 831 Ἕλ-

158 861 256 934 ληνας.

111 946 150 1004 60
199 947 364 1022 Παυσανίης
387 945 425 1020 δέ,
448 945 483 1009 ώς
503 944 669 1021 προσέκειτο
690 944 710 1022 ἡ
732 945 824 1015 ἵππος,
845 946 960 1024 πέμψας

158 1034 229 1111 πρός
251 1033 316 1098 τοδς
341 1033 504 1110 Ἀθηναίους
522 1033 607 1091 ἱππέα
628 1034 705 1114 λέγει
725 1032 801 1093 τάδε·
835 1033 960 1112 “άνδρες

156 1120 309 1198 Ἀθηναῖοι,
330 1121 435 1203 ἀγῶνος
454 1121 591 1202 μεγίστου
611 1121 791 1198 προκειμένου
810 1123 960 1200 ἐλευθέρην

158 1209 255 1287 εἶναιῆ
269 1211 477 1287 δεδουλωμένην
485 1209 538 1285 τὴν
549 1208 683 1279 Ἑλλάδα,
698 1209 888 1286 προδεδόμεθα
902 1210 958 1272 ὑπό

157 1301 212 1357 τῶν
230 1297 387 1378 συμμάχων
404 1297 484 1375 ἡμεῖς
501 1321 532 1357 τε
550 1300 577 1356 οἶ
594 1296 807 1374 Λακεδαιμόνιοι
821 1297 867 1355 καὶ
879 1297 958 1373 ὑμεῖς

158 1387 185 1444 οἱ
202 1384 353 1461 Ἀθηναῖοι,
366 1384 422 1444 ὖπό
440 1384 492 1460 τὴν
509 1386 716 1463 παροιχομένην
734 1384 818 1444 νύκτα
832 1385 957 1462 διαδράν-

156 1498 219 1533 των·
248 1477 296 1532 νῦν
319 1472 356 1531 ὦν
379 1472 504 1532 δέδοκται
523 1472 556 1532 τό
581 1473 704 1532 ἐνθεῦτεν
726 1473 857 1548 ποιητέον
879 1473 956 1550 ἡμῖν·

157 1558 344 1636 ἀμυνομένους
360 1559 415 1640 γάρ
431 1564 466 1638 τῇ
484 1558 623 1635 δυνάμεθα
639 1558 743 1636 άριστα
756 1562 954 1638 περιστέλλειν

156 1645 309 1723 ἀλλήλους·
340 1650 363 1705 εἰ
383 1647 435 1722 μέν
456 1671 503 1706 νυν
525 1651 552 1708 ἐς
579 1645 664 1722 ὖμέας
689 1647 803 1724 ὥρμησε
827 1648 916 1728 οἷρχὴν
936 1650 956 1728 ἡ

157 1733 249 1805 ἵππος,
265 1736 338 1812 χρῆν
355 1734 385 1792 δὲ
404 1733 492 1811 ἡμέας
509 1759 540 1794 τε
561 1735 607 1792 καὶ
625 1734 690 1798 τούς
709 1735 770 1811 μετ’
791 1735 882 1813 ἡμέων
901 1736 955 1814 τὴν

155 1822 281 1881 Ἑλλάδα
304 1820 337 1882 οὔ
358 1821 539 1900 προδιδόντας
565 1822 703 1904 Τεγεήτας
729 1824 861 1900 βοηθέειν
880 1822 955 1899 όμῖν·

156 1915 205 1972 νῦν
222 1911 259 1981 δέ,
274 1915 301 1975 ἐς
319 1909 407 1988 ἡμέας
421 1909 476 1992 γάρ
492 1910 592 1971 ἅπασα
609 1910 756 1991 κεχώρηκε,
775 1911 879 1970 δίκαιοί
890 1916 956 1972 ἐστε

154 1997 233 2074 Ιἡμεῖς
252 1999 323 2076 πρός
342 2000 394 2076 τὴν
413 1999 577 2076 πιεζομένην
601 1999 729 2076 μάλιστα
755 2002 810 2060 τῶν
836 2001 956 2077 μοιρέων

156 2085 318 2164 ἀμυνέοντες
340 2089 415 2148 ἰέναι.
458 2091 482 2147 εἰ
503 2085 526 2145 δ’
547 2085 601 2164 ἄρα
618 2085 716 2150 αὐτοῦς
735 2085 821 2164 ώμέας
840 2091 955 2147 καταλε-

154 2174 266 2252 λάβηκε
289 2175 423 2236 ἀδύνατόν
444 2201 472 2236 τι
493 2175 631 2252 βοηθέειν,
655 2173 733 2251 ἡμεῖς
755 2173 778 2232 δ’
800 2173 868 2250 ἡμῖν
890 2174 956 2240 τούς

153 2262 269 2332 τοξότας
282 2262 496 2340 ἀποπέμψαντες
509 2262 592 2341 χάριν
609 2262 703 2321 θέσθε.
744 2261 911 2336 συνοίδαμεν
925 2262 956 2323 δὲ

153 2349 218 2426 ἡμῖν
230 2349 284 2409 ὑπό
298 2348 347 2408 τόν
360 2349 499 2426 παρεόντα
518 2349 597 2409 τόνδε
610 2347 736 2425 πόλεμον
750 2351 828 2406 ἐοῦσι
841 2347 955 2410 πολλόν

108 2438 142 2496 61
154 2435 400 2514 προθυμοτάτοισι,
415 2435 488 2496 ὥστε
502 2435 547 2494 καὶ
556 2439 644 2495 ταῦτα
657 2433 828 2495 ἐσακούειν.”
859 2439 955 2498 Ταῦτα

154 2527 181 2583 οἱ
193 2522 336 2599 Ἀθηναῖοι
350 2523 385 2587 uk
398 2522 542 2593 ἐπίθοντο,
559 2522 684 2599 ώρμέατο
700 2523 841 2600 βοηθέειν,
856 2525 902 2584 καὶ
917 2526 954 2586 τὰ

151 2611 280 2690 μάλιστα
296 2610 453 2689 ἐπαμύνειν·
483 2612 532 2671 καί
544 2617 600 2686 σφι
622 2609 675 2687 ἤδη
699 2612 846 2692 στείχουσι
869 2615 953 2674 ἐπιτί-

153 2701 246 2762 θενται
266 2703 292 2760 οἱ
312 2698 521 2780 α’ντιταχθέντες
536 2697 681 2775 Ἑλλήνων
702 2704 757 2762 τῶν
777 2701 848 2778 μετὰ
867 2703 952 2778 βασι-

152 2789 217 2853 λέος
236 2789 397 2870 γενομένων,
419 2788 491 2850 ὥστε
512 2789 612 2866 μηκέτι
634 2788 769 2852 δύνασθαι
795 2791 951 2868 βοηθῆσαι·

153 2875 187 2936 τό
203 2875 258 2958 γάρ
274 2877 475 2956 προσκείμενόν
494 2883 586 2954 σφεας
603 2878 712 2940 ἐλύπεε.
755 2877 826 2938 οὕτω
839 2878 873 2954 δὴ
885 2903 952 2954 μου·

151 2965 281 3028 νωθέντες
304 2966 517 3042 Λακεδαιμόνιοι
542 2967 587 3026 καὶ
610 2972 753 3048 Τεγεῆται,
782 2965 871 3029 ἐόντες
898 2963 953 3025 οὖν

153 3055 265 3127 ψιλοῖσι
281 3054 400 3132 οἷριθμόν
413 3058 440 3114 οἱ
452 3057 504 3132 μὲν
517 3055 754 3134 πεντακισμύριοι,
768 3057 903 3136 Τεγεῆται
922 3051 952 3112 δὲ

151 3141 316 3219 τρισχίλιοι·
337 3141 481 3225 αὗταιγὰρ
501 3142 608 3222 οὐδαμά
621 3144 808 3224 άπεοχίζοπο
826 3140 882 3201 ἀπό
894 3145 950 3198 Λα-

152 3223 339 3301 κεδαιμονίων·
363 3231 571 3313 ἐσφαγιάζοντο
588 3231 624 3298 οἷς
642 3230 853 3309 συμβαλέοντες
871 3231 951 3302 Μαρ-
