2240 3424
146 51 194 98 κιο
454 49 638 109 ἨνοΔουοι
881 47 945 114 [IX.

146 126 176 186 δὲ
195 129 253 188 πᾶν
275 126 309 188 τό
336 127 458 188 ἐναντίον
480 129 532 188 τοῦ
557 128 804 211 προστεταγμένου
830 125 948 202 ἐποίεον,

146 213 237 278 ἄλλος
259 241 291 275 τε
311 214 513 295 κατηγεόμενοί
530 221 586 291 σφι
606 215 686 280 όδούς
706 215 846 297 φεύγουσι
865 217 894 276 αἲ
913 218 950 294 δή

147 303 248 379 ἔφερον
272 306 300 366 ἐς
325 301 390 364 τούς
416 303 576 378 πολεμίους,
606 303 652 362 καὶ
677 304 760 366 τέλος
786 303 868 364 αὐτοί
892 310 952 380 σφι

147 389 273 470 ἐγίνοντο
304 388 454 452 κτείνοντες
487 389 702 468 πολεμιώτατοι.
744 389 814 450 οέπω
847 390 882 467 δή
915 392 951 454 τό

147 476 275 554 δεύτερον
285 475 375 552 Ἰωνίη
388 475 445 535 ἀπό
459 479 594 554 Περσέων
607 477 728 554 ἀπέστη.
918 523 920 530 .

101 566 157 624 105
206 563 257 623 Ἐν
279 563 309 622 δὲ
331 562 419 640 ταύτῃ
439 567 476 642 τῇ
502 562 581 643 ,adm
607 564 752 640 Ἑλλήνων
777 563 951 641 ἠρίστευσαν

146 650 299 726 Ἀθηναῖοι·
337 650 383 709 καὶ
401 649 563 726 Ἀθηναίων,
583 650 757 728 Ἑρμόλυκος
777 651 793 711 ό
813 652 949 725 Εὐθύνου,

147 736 217 815 ἀνήρ
236 736 408 818 παγκράτιον
426 737 600 814 ἐπασκήσας·
621 741 721 798 τοῦτον
735 738 765 797 δέ
781 738 831 799 τόν
847 739 950 817 Ἑρμό-

147 829 233 886 λυκον
259 826 401 902 κατέλαβε
426 823 547 902 ὕστερον
573 824 685 894 τούτων,
705 824 832 901 πολέμου
856 826 950 892 ε’όντος

146 912 325 990 Ἀθηναίοισί
347 937 378 973 τε
410 912 455 972 καὶ
485 913 682 988 Καρυστίοισι,
716 917 745 971 ἐν
772 912 872 992 Κύρνιρ
897 919 950 990 τής

147 1002 310 1078 Καρυστίης
321 998 413 1080 χώρης
433 997 611 1059 ἀποθανόντα
631 1003 660 1058 ἐν
675 999 763 1078 μάχη,
778 1001 889 1060 κεῖσθαι
902 1003 948 1062 ἐπὶ

147 1091 299 1166 Γεραιστῷ·
319 1086 391 1163 μετά
409 1085 439 1146 δὲ
454 1085 625 1161 Ἀθηναίους,
647 1087 792 1165 Κορίνθιοι
806 1088 853 1146 καὶ
868 1093 948 1166 Τροι-

148 1174 235 1251 ζήνιοι
248 1175 294 1234 καὶ
308 1172 452 1238 Σικυώνιοι
465 1172 645 1250 ἠρίστευσαν.

102 1264 157 1322 106
206 1261 289 1322 Ἐπεί
318 1287 350 1321 τε
376 1260 406 1319 δὲ
433 1259 641 1340 κατεργάσαντο
667 1261 695 1320 οἱ
718 1258 858 1336 Ἕλληνες
883 1264 948 1328 τούς

148 1349 281 1419 πολλούς,
291 1346 356 1410 τούς
365 1350 417 1425 μὲν
426 1347 602 1425 μαχομένους
613 1345 681 1410 τοθς
694 1346 723 1405 δέ
736 1347 783 1406 καὶ
793 1347 948 1429 φεύγοντας

146 1439 201 1496 τῶν
219 1434 384 1512 βαρβάρων,
403 1434 454 1498 τάς
473 1435 536 1497 νέας
556 1434 712 1510 ἐνέπρησαν
736 1434 783 1492 καὶ
802 1435 835 1495 τό
855 1439 948 1515 τεῖχος

147 1521 230 1590 ἅπαν,
250 1521 303 1597 τήν
322 1521 405 1596 ληίην
424 1518 664 1601 προεξαγαγόντες
684 1525 712 1583 ἐς
731 1520 781 1582 τόν
807 1523 946 1602 αἰγιαλόν·

148 1609 194 1666 καὶ
210 1607 366 1685 θησαυρούς
382 1633 462 1670 τινας·
476 1607 626 1685 χρημάτων
644 1605 733 1686 εὖρον·
754 1609 948 1686 ἐμπρήσαντες

148 1695 178 1754 δὲ
190 1695 224 1755 τό
236 1698 328 1774 τεῖχος
341 1693 387 1754 καὶ
399 1693 450 1757 τάς
459 1695 521 1756 νέας
531 1693 683 1754 ἀπέπλεον.
707 1695 869 1772 ἀπικόμενοι
879 1696 909 1755 δὲ
919 1703 948 1762 ἐς

149 1781 246 1860 Σάμαν
256 1785 283 1842 οἱ
290 1781 437 1858 Ἕλληνες,
447 1781 632 1858 ἐβουλεύοντο
642 1783 706 1858 περὶ
716 1782 888 1846 ἀναστάσιος
896 1789 948 1860 τῆς

146 1869 258 1946 Ἰωνίης,
272 1870 318 1930 καὶ
331 1868 387 1945 ὅπη
400 1867 484 1948 χρεόν
502 1869 543 1944 εἴη
559 1872 609 1944 τῆς
624 1867 763 1932 Ἑλλάδος
781 1871 946 1941 κατοικίσαι,

148 1962 198 2034 τῆς
216 1957 295 2018 αύτοὶ
315 1957 459 2038 ἐγκρατέες
477 1954 561 2031 ἦσαν·
594 1954 646 2030 τήν
666 1955 696 2013 δέ
713 1954 818 2031 Ἰωνίην
837 1956 948 2018 ἀπεῖναι

147 2049 223 2124 τοῖσι
236 2045 422 2122 βαρβάροισι·
443 2042 577 2102 ἀδύνατον
592 2041 647 2123 γάρ
666 2042 796 2120 ἐφαίνετό
809 2050 865 2119 σφι
878 2045 947 2104 εἶναι

149 2131 264 2195 ἑωυτούς
289 2157 320 2192 τε
345 2130 442 2191 Ἰαόνων
468 2130 663 2206 προκατῆσθαι
690 2131 877 2206 φρουρέοντας
898 2131 948 2192 τάν

148 2218 239 2278 πόντα
251 2218 362 2297 χρόνον·
383 2218 429 2276 καὶ
442 2220 547 2276 ἑωυτῶν
558 2215 598 2294 μή
614 2217 836 2293 προκατημένων,
850 2216 948 2282 Ἴωνας

149 2303 278 2382 οὐδεμίαν
291 2304 392 2364 ἐλπῶα
406 2303 482 2383 εἶχον
494 2304 642 2381 χαίροντας
663 2304 733 2381 πράς
745 2308 800 2364 τῶν
813 2305 948 2382 Περσέων

148 2390 332 2460 ἀπαλλάξειν.
372 2391 443 2468 πρός
454 2394 542 2451 ταῦτα
558 2391 795 2466 Πελοποννησίων
807 2393 858 2468 μέν
870 2396 947 2452 τοῖσι

149 2483 181 2538 ἐν
200 2479 277 2538 τέλεϊ
296 2481 375 2538 ἐοῦσι
395 2476 486 2538 ἐδόκεε
505 2481 561 2538 τῶν
580 2476 756 2554 μηδισάντων
775 2478 873 2538 ἐθνέων
892 2483 948 2540 τῶν

147 2564 321 2641 Ἑλληνικῶν
333 2565 370 2624 τά
383 2563 503 2641 ἐμπόρια
523 2563 774 2639 ἐξαναστήσαντας,
789 2563 883 2624 δοῦναι
895 2565 948 2641 τήν

147 2651 241 2731 χώρην
260 2651 342 2713 Ἴωσι
369 2655 522 2728 ἐνοικῆσαι·
541 2650 717 2726 Ἀθηναίοισι
737 2651 767 2710 δὲ
786 2650 836 2712 ούκ
856 2652 947 2712 ἐδόκεε

148 2738 247 2818 ἀρχήν,
264 2738 369 2816 Ἰωνίην
385 2739 519 2822 γενέσθαι
536 2737 703 2808 ἀνάστατον,
720 2737 783 2798 οὐδὲ
801 2743 948 2800 Πελοπον-

148 2828 274 2902 νησίοισι
296 2827 434 2904 περὶτῶν
456 2825 600 2902 σφετέρων
622 2823 768 2886 ἀποικιέων
790 2825 947 2902 βουλεύειν·

148 2911 352 2974 ἀντιτεινόντων
369 2912 400 2972 δὲ
415 2911 518 2972 τούτων
538 2910 695 2988 προθύμως,
714 2910 790 2980 εἶξαν
809 2915 837 2972 οἱ
855 2917 947 2974 Πελο-

148 3000 304 3074 ποννήσιοι·
329 3000 375 3058 καὶ
392 2997 462 3058 οὕτω
479 2996 515 3070 ’δή
533 2996 656 3072 Σαμίους
675 3021 706 3056 τε
727 2998 773 3057 καὶ
794 2999 880 3062 Χίους
901 3001 947 3060 καὶ

149 3087 292 3162 Λεσβίους
318 3086 364 3144 καὶ
391 3083 456 3146 τούς
486 3081 591 3146 ἄλλους
621 3081 766 3159 νησιύτας,
794 3085 821 3146 οἳ
849 3087 947 3165 ἔτυχον

150 3171 402 3248 συστρατευόμενοι
422 3171 499 3231 τοῖσι
509 3168 646 3244 Ἕλλησι,
667 3173 695 3234 ές
713 3171 747 3230 τό
766 3173 947 3252 συμμαχικόν
