2294 3430
172 91 219 144 170
461 88 645 140 Ἠνοοουου
891 87 921 150 [ν
929 87 966 137 11.
1123 116 1138 150 ,

170 175 254 242 νειοῦ,
275 169 322 228 καὶ
340 168 500 238 Ἀπιδανοῦ,
521 169 566 228 καὶ
585 166 751 248 Ὀνοχώνου,
770 166 816 226 καὶ
835 165 968 238 Ἐνιπέος,
993 179 1000 192 “

170 257 217 315 καὶ
230 257 373 333 Παμίσου,
388 260 415 317 οἱ
426 258 479 333 μέν
494 281 541 316 νυν
557 261 585 320 ές
600 255 633 316 τό
652 255 747 314 πεδίον
764 259 849 315 τοῦτο
865 258 968 314 συλλε-

171 343 285 425 γόμενοι
298 349 328 402 ἐκ
340 349 396 404 τιῦν
408 343 510 421 οὐρέων
525 348 580 404 τιῦν
595 342 811 420 περικληῖόντων
827 341 879 418 την
896 350 968 404 Θεσ-

171 432 276 507 σαλίην
293 429 516 509 οὐνομαζόμενοι,
533 430 566 490 δι’
583 431 642 494 ἑνός
659 430 790 501 αὐλῶνος,
805 432 851 489 καὶ
869 430 969 490 τοῦτου

171 522 289 588 στεινοῦ,
304 519 399 596 ἔκροον
413 521 509 598 ἔχουσι
522 523 549 582 ές
563 518 723 589 θάλασσαν,
737 519 968 598 προσυμμίσγον-

169 631 215 668 τες
227 605 260 665 τό
278 605 349 682 ὕδωρ
361 606 461 670 πάντες
474 611 501 669 ε’ς
513 605 612 666 τώυτό·
634 606 717 666 ἐπεάν
730 607 759 666 δὲ
772 605 968 684 συμμιχθέωσι

170 692 300 772 τάχιστα,
311 695 439 754 ’ἐνθεῦτεν
451 692 505 770 ἤδη
518 693 535 753 ό
548 694 667 770 Πηνειός
679 697 717 772 τῷ
733 692 865 770 οὐνόματι
881 718 967 767 Ικατα-

171 788 298 864 κρατέων,
312 787 467 865 α’νωνύμους
480 788 543 851 τούς
555 787 660 851 ἅλλους
673 788 742 848 εἶναι
755 788 848 847 ποιέει
890 786 924 848 τό
938 787 968 848 δὲ

169 875 293 936 παλαιόν
314 877 435 956 λέγεται,
459 875 508 936 οὐκ
531 875 623 939 ἐόντος
644 902 682 934 κω
702 879 752 935 τοῦ
773 875 898 940 αὐλῶνος
921 877 967 936 καὶ

171 961 296 1040 διεκρόου
315 964 423 1034 τοῦτου,
443 963 508 1028 τούς
527 964 669 1040 ποταμοῦς
688 963 809 1034 τούτους,
831 964 876 1022 καὶ
897 963 967 1042 πρός

169 1054 246 1110 τοῖσι
259 1056 412 1128 ποταμοῖσι
425 1051 550 1112 τούτοισι
563 1051 615 1127 τὴν
628 1051 766 1128 Βοιβηίδα
780 1052 890 1128 λίμνην,
904 1051 967 1112 οὐτε

171 1136 374 1215 οὐνομάζεσθαι
392 1138 514 1216 κατάπερ
532 1142 580 1199 νῦν
597 1139 668 1215 ῥέειν
686 1163 716 1197 τε
739 1133 817 1198 οὐδὲν
837 1136 966 1216 ἧσσονῆ

169 1229 231 1285 νῦν·
262 1226 375 1304 ῥέοντας
401 1227 430 1286 δὲ
461 1227 564 1286 ποιέειν
596 1225 650 1302 τήν
678 1226 842 1302 Θεσσαλίην
870 1231 965 1287 πᾶσαν

168 1313 304 1394 πέλαγος·
326 1314 405 1374 αὐτοὶ
418 1314 469 1391 μέν
482 1339 529 1373 νυν
542 1314 691 1373 Θεσσαλοί
701 1319 775 1389 φασι
788 1313 965 1376 Ποσειδέωνα

168 1403 288 1476 ποιῆσαι
308 1401 357 1461 τόν
377 1401 488 1460 αὐλῶνα
508 1399 542 1459 δι’
562 1398 594 1460 ὦ
612 1402 668 1477 ῥέει
685 1399 702 1460 ό
722 1399 849 1476 Πηνειός,
871 1399 965 1460 οἰκότα

170 1487 312 1566 λέγοντες·
341 1488 419 1552 ὅστις
439 1488 495 1568 γάρ
516 1488 620 1564 νομίζει
640 1488 819 1547 Ποσειδέωνα
841 1487 893 1562 τὴν
911 1492 965 1568 γῆν

170 1574 263 1644 σείειν,
289 1575 335 1634 καὶ
360 1575 395 1634 τά
422 1575 572 1634 διεστεῶτα
597 1574 652 1635 ὐπό
678 1579 799 1652 σεισμοῦ
825 1579 874 1634 τοῦ
900 1575 965 1636 θεοῦ

169 1659 268 1720 τούτου
287 1662 353 1742 ἔργα
370 1662 446 1735 εἶναι,
463 1661 508 1720 καὶ
529 1659 563 1721 ἂν
584 1666 670 1722 ε’κεῖνο
691 1661 754 1722 ίδιδν
774 1663 845 1738 φαίη
862 1668 965 1722 Ποσει-

169 1747 255 1808 δέωνα
276 1753 407 1825 ποιῆσαι·
435 1751 496 1809 ἔστι
517 1747 572 1830 γάρ
594 1753 714 1826 σεισμοῦ
736 1750 824 1830 ἔργον,
848 1750 882 1814 ὦς
904 1751 964 1828 ε’μοὶ

124 1837 181 1893 130
191 1836 320 1911 ἐφαίνετο
348 1837 425 1908 εἶναι,
445 1836 464 1914 η’
485 1836 632 1900 διάστασις
651 1841 706 1897 τῶν
726 1836 851 1918 οὐρέων)
879 1841 916 1898 Οἳ
936 1839 964 1899 δὲ

170 1923 373 2004 κατηγεόμενοι,
389 1926 529 2003 εἰρομένου
542 1924 650 2003 Ξέρξεω
664 1928 687 1984 εἶ
705 1925 765 1984 ἔστι
783 1922 860 2002 άλλη
873 1925 965 1995 ἔξοδος

169 2015 196 2073 ἐς
219 2011 371 2073 θάλασσαν
391 2017 429 2093 τῷ
451 2017 568 2092 Πηνειῷ,
593 2013 803 2089 ἐξεπιστάμενοι
824 2012 963 2089 α’τρεκέως,

169 2097 260 2160 εἶπον·
288 2111 306 2137 “
314 2103 446 2178 βασιλεῦ,
473 2104 589 2180 ποταμιζ
615 2100 702 2180 τούτῳ
729 2099 778 2160 οὐκ
806 2102 867 2161 έστι
889 2100 965 2180 άλλη

170 2186 301 2262 ἐξήλυσις
321 2192 348 2250 ές
368 2188 520 2250 θάλασσαν
541 2187 708 2265 κατήκουσα,
728 2187 794 2248 ἄλλ’
813 2188 862 2266 ἦδε
882 2189 964 2266 αὐτή·

169 2271 264 2350 οὔρεσι
294 2274 349 2354 γάρ
384 2275 639 2352 περιεστεφάνωται
673 2279 755 2335 πᾶσα
785 2275 965 2353 Θεσσαλίη·”

143 2347 155 2368 ⁰
170 2360 274 2437 Ξέρξεα
301 2361 331 2420 δὲ
360 2362 472 2442 λέγεται
502 2366 587 2422 εἰπεῖν
615 2362 685 2441 πρός
715 2366 815 2423 ταῦτα·
850 2375 869 2400 “
877 2366 966 2441 σοφοὶ

169 2445 264 2523 ἄνδρες
277 2449 332 2506 εἰσὶ
345 2450 505 2510 Θεσσαλοί·
525 2447 602 2510 ταῦτ’
620 2449 674 2528 άρα
694 2451 749 2528 πρό
769 2455 880 2512 πολλοῦ
901 2457 965 2529 ε’φυ-

169 2532 291 2604 λάξαντο
311 2538 559 2616 γνωσιμαχέοντες,
577 2538 622 2596 καὶ
639 2536 734 2598 τάλλα
752 2538 798 2597 καὶ
816 2538 859 2600 ὅτι
874 2539 967 2619 χιόρην

167 2619 222 2699 άρα
242 2621 318 2701 εἶχον
338 2621 476 2701 εὐαίρετόν
495 2650 526 2685 τε
547 2626 593 2685 καὶ
612 2624 816 2705 ταχυάλωτον.”
842 2627 892 2686 τδν
911 2626 966 2710 γάρ

168 2709 296 2786 ποταμόν
312 2714 429 2792 πρῆγμα
449 2711 483 2774 ἂν
502 2711 537 2787 ἦν
556 2717 661 2790 μοῦνον
681 2714 788 2774 έπεῖναί
805 2720 901 2790 σφεων
922 2715 967 2773 ε’πὶ

168 2797 219 2873 την
238 2795 339 2877 χάρην,
359 2797 469 2878 χάματι
491 2804 520 2859 ἐκ
543 2805 593 2861 τοῦ
615 2801 738 2864 αὐλῶνος
760 2801 966 2878 ἐκβιβάσαντα,

169 2886 214 2944 καὶ
227 2885 442 2964 παρατρέψαντα
455 2887 488 2946 δι’
502 2886 539 2948 ὧν
553 2892 601 2948 νῦν
610 2889 666 2965 ῥέει
675 2889 801 2965 ῥεέθρων·
816 2887 888 2949 ὥστε
896 2895 967 2949 Θεσ-

168 2974 272 3049 σαλίην
287 2976 384 3033 πᾶσαν
401 2973 451 3042 ἔξω
467 2977 522 3033 πῦν
540 2973 641 3050 οὐρέων
656 2974 807 3054 ὑπόβρυχα
825 2976 966 3056 γενέσθαι.

167 3063 255 3119 ταῦτα
268 3060 298 3120 δὲ
311 3059 411 3138 ἔχοντα
432 3060 511 3140 ἔλεγε
527 3065 554 3124 ές
573 3060 638 3124 τούς
656 3059 777 3121 Ἀλεύεω
790 3063 898 3138 παῖδας,
913 3061 967 3144 (ὅτι

168 3150 272 3221 πριῦτοι
290 3147 444 3224 Ἑλλήνων,
459 3145 548 3212 έόντες
562 3150 717 3223 Θεσσαλοὶ,
738 3147 839 3210 έδοσαν
853 3148 967 3214 ἔωυτούς

170 3231 305 3314 βασιλέΐ,)
324 3234 426 3296 δοκέων
445 3234 461 3296 ό
481 3235 586 3313 Ξέρξης
606 3234 662 3296 ἆπδ
682 3235 786 3298 παντός
805 3243 898 3312 σφεας
918 3239 969 3296 τοῦ
