2240 3424
171 81 281 144 ιιι-οι]
486 78 698 128 mmm:
924 78 972 126 ιιι

172 159 204 219 ού
217 157 354 236 πρότερόν
366 183 397 219 τε
414 157 577 240 παύσεσθαι
593 156 772 234 τιμωρέοντες
792 155 893 234 ἐκείνῳ,
906 155 973 232 πρὶν

171 245 190 322 ἢ
216 246 292 308 δίκας
319 245 389 304 δῶσι
407 249 463 305 τῶν
483 245 619 320 ἐποίησαν
637 243 739 311 ταύτας
762 243 812 306 τάς
836 240 870 302 ἂν
890 241 972 308 αύτδς

172 334 269 409 ἐληται
296 333 341 391 καὶ
363 332 472 391 δικαιοῖ·
505 332 609 392 τούτων
636 332 665 389 δὲ
690 331 867 406 τελεομένων,
892 329 971 390 αύτοὶ

172 421 271 480 δώσειν
283 419 391 497 Εύηνίιρ
404 419 485 480 δόσιν
501 418 632 502 τοιαύτην
649 419 700 494 τῆν
717 416 843 481 πολλούς
857 444 906 495 μιν
918 443 969 494 μα

171 511 275 585 καριεῖν
290 506 440 584 ἀνθρώπων
457 507 566 585 ἔχοντα.
607 505 649 564 Tot
667 507 718 580 μὲν
735 505 894 584 χρηστήρια
906 509 970 565 ταῦ·
980 507 1019 564 94

170 594 207 655 τά
228 600 284 670 σφι
308 591 444 672 ἐχρήσθη·
476 596 503 653 οἱ
526 593 555 652 δέ
577 592 803 668 Ἀπολλωνιῆται
826 590 971 670 ἀπόρρητα

171 681 365 758 ποιησάμενοι,
379 681 536 757 προέθεσαν
548 685 604 740 τιῦν
616 678 711 739 άστιῦν
724 678 842 756 ἀνδράσι
856 680 970 757 διαπρῆ-

171 768 226 838 ξαι·
248 772 274 827 οῖ
294 768 325 828 δέ
344 774 401 843 σφι
422 768 571 844 διέπρηξαν
591 763 652 825 ὧδε·
673 767 826 843 κατημένου
850 766 970 842 Εύηνίου

172 859 201 916 ἐν
217 855 303 934 θώκῳ,
322 854 451 918 ἐλθόντες
471 857 497 912 οἶ
515 854 664 930 παρίζοντο
683 853 728 910 καὶ
745 851 847 932 λόγους
866 852 971 917 ἄλλους

171 947 320 1012 ἐποιεῦντο,
335 948 362 1004 ἐς
376 942 391 1000 8
409 942 576 1016 κατέβαινον
589 938 812 1014 συλλυπεύμενοι
826 942 865 1017 τῷ
877 939 969 999 πάθεϊ·

170 1031 256 1108 ταύτῃ
277 1030 307 1088 δέ
326 1027 478 1108 ῦπιίγοντες
498 1027 622 1104 εἰρώτευν
641 1027 703 1085 τίνα
723 1026 801 1101 δίκην
817 1023 851 1085 ἂν
868 1026 969 1097 ἕλοιτο,
1040 1057 1043 1062 ·

171 1120 195 1176 εἰ
215 1118 337 1178 ἐθέλοιεν
353 1113 579 1190 Ἀπολλωνιῆται
598 1113 675 1176 δίκας
694 1112 850 1189 ῦποσπῆναι
870 1111 970 1173 δώσειν

169 1208 224 1262 τῶν
245 1206 398 1279 ἐποίησαν;
434 1201 450 1261 ό
472 1202 501 1261 δέ
523 1200 572 1272 οῦκ
593 1199 716 1276 ἀκηκοώς
736 1199 769 1260 τό
792 1200 968 1277 θεοπρόπιον,

170 1290 262 1350 είλετο
275 1291 362 1352 εἴπας·
384 1291 410 1349 εί
424 1290 465 1352 τίς
479 1292 506 1348 αἱ
522 1288 583 1364 δοίη
597 1286 700 1367 ἀγρούς
716 1290 772 1346 τιῦν
791 1285 894 1356 ἀστῦν,
907 1286 968 1360 ὀνο·

168 1375 264 1453 μάσας
275 1381 352 1438 τοῖσι
365 1376 506 1453 ήπίστατο
521 1375 589 1435 εἶναι
604 1373 773 1436 καλλίστους
786 1373 836 1433 δύο
850 1373 970 1450 κλήρους

169 1468 224 1526 τῶν
245 1469 273 1525 ἐν
292 1470 328 1544 τῆ
347 1463 534 1543 Ἀπολλωνίῃ,
550 1463 595 1522 καὶ
613 1463 723 1538 οἴκησιν
742 1461 812 1539 πρός
831 1460 966 1532 τούτοισι,

168 1549 220 1626 τήν
235 1551 299 1630 ᾔδεε
313 1552 470 1627 καλλίστην
487 1555 590 1610 ἐοῦσαν
602 1553 657 1609 τιῦν
676 1554 704 1608 ἐν
717 1553 753 1627 τῆ
766 1549 844 1609 πόλι·
864 1547 969 1609 τούτων

169 1638 207 1707 δὲ,
229 1640 292 1716 ἔφη,
314 1638 458 1717 ἐπήβολος
477 1631 624 1719 γενόμενος
644 1640 694 1698 τοῦ
714 1640 816 1696 λοιποῦ
837 1634 969 1712 ἀμήνιτος

170 1725 246 1802 εἶναι,
261 1728 308 1786 καὶ
320 1727 399 1803 δίκην
412 1730 439 1786 οἱ
455 1726 559 1802 ταύτην
577 1725 705 1804 ἀποχρᾶν
720 1725 879 1804 γενομένην.
921 1723 967 1782 καὶ

169 1812 249 1889 όμέν
261 1817 351 1874 ταῦτα
368 1815 454 1893 ἔλεγε,
470 1816 496 1871 οἱ
517 1813 547 1870 δέ
564 1811 697 1890 πάρεδροι
716 1812 795 1870 εἶπαν
808 1808 969 1886 ἀπολαβόν-

168 1925 221 1964 τες·
247 1900 380 1976 “Εύήνιε,
400 1899 503 1973 ταύτην
521 1898 600 1974 δίκην
616 1897 842 1971 Ἀπολλωνιῆται
859 1901 909 1972 τῆς
925 1901 967 1955 ἐκ-

168 1986 331 2062 τυφλώσιος
346 1985 488 2045 ἐκτίνουσί
504 2009 549 2042 τοι
570 1984 640 2044 κατά
661 1982 816 2058 θεοπρόπια
835 1982 870 2042 τά
891 1983 968 2063 γενό-

167 2072 263 2146 μενα.”
290 2072 306 2132 ό
319 2073 371 2148 μέν
384 2071 418 2146 δή
431 2070 502 2147 πρός
512 2074 601 2130 ταῦτα
613 2068 689 2129 δεινά
704 2069 834 2139 ἐποιέετο,
845 2070 968 2129 ἐνθεῦτεν

168 2160 323 2237 πυθόμενος
335 2159 384 2220 τᾶν
400 2158 491 2218 πάντα
508 2157 605 2238 λόγον,
620 2156 656 2220 ὦς
674 2156 862 2231 ἐξαπατηθείς·
884 2159 910 2214 οἶ
928 2155 967 2224 δὲ,

167 2246 314 2324 πριάμενοι
326 2245 402 2324 παρὰ
413 2249 468 2305 τῶν
483 2244 645 2320 ἐκτημένων,
656 2243 766 2302 διδοῦσί
777 2245 804 2301 οἱ
816 2269 852 2302 τα
866 2241 966 2302 εἵλετο.

168 2336 213 2394 καὶ
225 2334 297 2412 μετιὶ
310 2338 397 2395 ταῦτα
411 2332 510 2393 αύτίκα
526 2333 650 2409 ἔμφυτον
665 2329 800 2408 μαντικὴν
814 2329 880 2409 εἶχε,
894 2328 968 2390 ὥστε

167 2424 213 2482 καὶ
228 2421 402 2499 ούνομαστός
413 2420 555 2504 γενέσθαι.

206 2509 313 2569 Τούτου
340 2509 373 2586 δή
401 2508 417 2568 ό
445 2506 587 2584 Δηίφονος
611 2503 661 2565 ἐών
684 2508 750 2568 παῖς
768 2508 819 2564 τοῦ
838 2503 966 2581 Εύηνίου,
975 2507 1014 2564 95

167 2594 290 2676 ἀγόντων
315 2597 478 2672 Κορινθίων,
503 2591 666 2671 ἐμαντεύετο
688 2595 723 2671 τῆ
744 2595 872 2670 στρατιή.
912 2590 966 2666 ἤδη

167 2681 196 2740 δὲ
210 2683 256 2741 καὶ
268 2683 332 2742 τόδε
347 2682 466 2758 ήκουσα,
480 2680 516 2744 ώς
534 2681 550 2741 ὁ
569 2680 711 2756 Δηίφονος
732 2679 904 2756 ἐπιβατεύων
915 2683 965 2737 τοῦ

165 2767 285 2844 Εὐηνίου
303 2768 464 2846 οὐνόματος,
484 2766 659 2844 ἐξελάμβανε
678 2766 761 2826 ἐπιών
775 2765 828 2840 τήν
839 2764 966 2823 Ἑλλάδα

166 2855 242 2935 ἔργα,
256 2854 306 2914 ούκ
320 2855 371 2916 ἐών
388 2852 508 2929 Εύηνίου
524 2857 600 2918 παῖς.
641 2856 724 2912 Τοῖσι
744 2853 773 2911 δὲ
789 2852 917 2927 Ἕλλησι
931 2850 1012 2914 ώς96

166 2943 358 3018 ἐκαλλιέρησε,
380 2940 486 3020 ἀνῆγον
506 2940 556 3004 τάς
576 2941 639 3002 νέας
659 2943 690 2998 ἐκ
709 2943 760 3014 τῆς
778 2938 876 3014 Δήλου
896 2938 966 3014 πρδς

164 3028 216 3104 τήν
243 3028 348 3105 Σάμον·
390 3027 451 3086 ἐπεὶ
477 3026 507 3086 δέ
530 3028 657 3108 ἐγένοντο
685 3029 736 3101 τῆς
763 3024 870 3100 Σαμίης
896 3024 967 3102 πρός

164 3115 338 3194 Καλάμοισι,
369 3117 397 3174 οἱ
422 3114 474 3190 μὲν
505 3111 592 3172 αύτοῦ
620 3111 806 3193 ὁρμισάμενοι
835 3108 906 3170 κατά
930 3110 964 3170 τό

162 3202 281 3284 Ἡραῖον
305 3201 339 3266 τό
365 3198 461 3280 ταύτῃ,
488 3197 730 3280 παρεσκευάζοντο
751 3203 779 3264 ἐς
799 3197 963 3278 ναυμαχίην·
