2294 3430
165 123 306 190 ιιι-ιω]
497 124 682 174 Ποιτυκιι.
914 125 961 172 ιιι

163 204 260 268 τοντός
270 231 303 266 τε
311 203 360 265 τόν
371 204 491 282 Δωριέος
500 207 550 264 τοῦ
562 202 777 280 Ἀναξανδρίδεω
786 200 857 280 πρός
863 199 960 283 Ἐγεσ-

162 295 246 353 τοίων
254 292 341 369 φόνον
352 292 551 371 ἐκπρήξασθαι,
558 290 786 354 ἀποτείνοντόςτε
795 291 830 351 τοὶ
841 290 961 368 ἐμπόρια

162 383 386 459 συνελευθεροῦν,
399 381 446 442 ἀπ’
461 379 498 441 ὧν
512 381 577 458 ἡμῖν
592 381 715 462 μεγάλαι
731 379 850 457 ὠφελίαι
868 403 899 439 τε
915 381 961 438 καὶ

162 470 323 547 ἐπαυρέσιες
339 469 481 551 γεγόνασι,
499 467 562 529 οὕτε
580 472 646 547 ε’μεῦ
665 469 755 530 εἵνεκα
771 467 874 544 ἤλθετε
889 469 959 544 βοη-

161 555 296 632 θήσοντες
314 555 378 617 οὔτε
395 557 445 617 τόν
461 557 583 634 Δωριέος
599 556 687 633 φόνον
704 555 910 634 ἐκπρηξόμενοι,
926 552 961 614 τό

160 670 191 704 τε
204 644 262 704 κατ’
276 644 361 721 ὖμέας
373 644 440 703 τάδε
455 643 564 704 ἅπαντα
577 643 632 703 ὔπδ
648 644 826 720 βαρβάροισι
838 643 959 719 νέμεται·

160 730 239 792 ἀλλά
255 731 285 790 εὖ
300 731 354 812 γοὶρ
370 730 438 808 ἡμῖν
454 731 501 789 καὶ
518 731 563 790 ε’πὶ
580 730 614 791 τό
632 730 744 806 ἄμεινον
761 731 890 806 κατέστη·
912 733 960 790 νῦν

161 818 191 877 δὲ
207 818 307 930 ε’πειδὴ
331 817 556 894 περιελήλυθε
539 845 555 877 ο
579 817 703 893 πόλεμος
726 819 771 876 καὶ
794 817 909 877 ἀπῖκται
933 821 960 881 ές

160 905 255 982 ἡμέας,
274 905 344 966 οὕτω
365 905 399 981 δὴ
419 906 544 968 Γέλωνος
563 908 682 1012 μνῆστις
700 906 808 989 γέγονε.
849 904 959 981 ἀτιμίης

161 993 192 1052 δὲ
207 1019 278 1102 πρρς
294 993 384 1070 υμέων
403 992 526 1068 κυρήσας
544 991 593 1051 οὐκ
613 991 789 1068 ὁμοιώσομαι
808 990 873 1067 ἡμῖν
893 991 958 1050 ἀλλ’

161 1081 271 1156 ἔτοῖμός
284 1085 339 1157 εἶμι
351 1081 490 1157 βοηθέειν,
502 1077 691 1158 παρεχόμενος
704 1078 847 1154 διηκοσίας
859 1104 890 1137 τε
902 1103 958 1156 τρι-

160 1167 244 1244 ήρεας
261 1169 307 1228 καὶ
323 1168 484 1245 δισμυρίους
499 1167 625 1236 ὁπλίτας,
643 1166 689 1225 καὶ
706 1166 847 1244 δισχιλίην
864 1165 958 1234 ἵππον,

161 1255 208 1314 καὶ
221 1255 377 1335 δισχιλίους
390 1255 514 1326 τοξότας,
529 1255 575 1314 καὶ
591 1255 747 1332 δισχιλίους
759 1252 958 1330 σφενδονήτας,

161 1343 208 1402 καὶ
221 1344 375 1423 δισχιλίους
389 1342 576 1421 ἱπποδρόμους
589 1341 698 1422 ψιλούς·
719 1340 800 1402 σῖτόν
812 1367 843 1401 τε
860 1339 958 1420 ἀπάση

159 1435 196 1510 πῆ
208 1431 352 1508 Ἑλλήνων
368 1435 488 1510 στρατιῇ
502 1429 559 1492 ἔστ’
573 1429 606 1491 ἂν
623 1429 873 1508 διαπολεμήσωμεν
891 1428 958 1488 ἀπο-

160 1519 273 1597 δέκομαι
282 1520 419 1598 παρέξειν·
433 1520 478 1578 ε’πὶ
489 1519 518 1578 δὲ
527 1519 603 1601 λόγῳ
610 1518 706 1597 τοιῷδε
715 1517 781 1578 τάδε
789 1517 956 1596 ἀπίσχομαι·

160 1607 202 1666 ἐπ’
212 1605 233 1686 ᾧ
243 1606 400 1688 στρατηγός
412 1625 443 1668 τέ
457 1608 502 1668 καὶ
515 1606 626 1688 ἡγεμάν
634 1609 689 1666 τῶν
701 1604 846 1682 Ἑλλήνων
856 1606 957 1682 ἔσομαι

158 1694 229 1772 πρός
241 1695 290 1756 τόν
302 1695 463 1774 βάρβαρον·
482 1694 524 1753 ἐπ’
534 1693 614 1775 ἀλλῳ
627 1694 658 1754 δὲ
671 1693 747 1774 λόγῳ
762 1691 818 1753 οὔτ’
829 1691 862 1753 ἀν
875 1691 957 1756 οὗτός

159 1782 269 1859 ἔλθοιμι
282 1782 338 1842 οὔτ’
348 1781 382 1842 ἀν
392 1781 498 1846 ἀλλους
510 1779 677 1860 πέμψαιμι.”
706 1784 801 1839 Ταῦτα
814 1779 937 1844 ἀκούσας
946 1781 1003 1840 159

158 1867 221 1928 οὗτε
236 1869 372 1948 ἡνέσχετο
389 1869 405 1928 6
422 1869 547 1948 Σύαγρος
563 1869 624 1929 εἶπέ
638 1893 669 1927 τε
685 1867 760 1928 τάδε·
782 1867 826 1942 “ἦ
846 1893 876 1926 κε
893 1867 956 1948 μέγ’

158 1955 298 2031 οίμάξειεν
330 1955 347 2014 6
381 1955 543 2030 Πελοπίδης
576 1954 766 2034 Ἀγαμέμνων,
800 1952 956 2028 πυθόμενος

158 2041 335 2117 Σπαρτιήτας
347 2040 399 2116 τῆν
411 2040 561 2120 ἡγεμονίην
574 2039 786 2115 ἀπαραιρῆσθαι
798 2037 852 2098 fin&
865 2039 957 2098 Γέλω-

157 2125 203 2190 νός
215 2153 246 2186 τε
259 2128 306 2186 καὶ
319 2127 524 2203 Συρηκουσίων·
540 2125 619 2186 ἀλλά
630 2125 730 2186 τούτου
744 2129 795 2202 μὲν
804 2129 854 2186 τοῦ
867 2125 956 2206 λόγου

155 2215 254 2290 μηκέτι
269 2215 406 2294 μνησθῇς,
421 2213 490 2276 ὅκως
504 2213 556 2290 τῆν
568 2212 718 2295 ἡγεμονίην
730 2239 775 2274 τοι
792 2211 955 2290 παραδώσο·

154 2327 217 2378 μεν·
238 2301 312 2372 ἀλλ’,
327 2305 414 2379 εἰμὲν
426 2301 548 2378 βούλεαι
560 2302 693 2379 βοηθέειν
705 2306 741 2381 τῆ
754 2301 880 2372 Ἑλλάδι,
895 2301 956 2362 ἴσθι

154 2388 306 2468 ἀρξόμενος
319 2389 374 2450 ἀπό
388 2389 621 2468 Λακεδαιμονίων·
644 2393 667 2450 εἰ
682 2389 705 2448 δ’
719 2389 774 2468 ἀρα
786 2390 826 2467 μὴ
841 2390 955 2454 δικαιοῖς

154 2475 301 2556 ἄρχεσθαι,
317 2478 355 2538 σι)
369 2479 398 2537 δὲ
410 2477 450 2585 μὴ
464 2476 620 2555 βοηθέειν.”
655 2477 733 2554 Πρός
744 2483 833 2538 ταῦτα
851 2477 867 2538 6
885 2479 934 2538 Γέ·
944 2480 1003 2538 160

153 2567 220 2634 λων,
241 2565 375 2672 ἐπειδή
353 2592 412 2644 ωρα
431 2565 681 2644 ἀπεστραμμένους
699 2591 764 2629 τους
783 2565 886 2646 λόγους
905 2571 955 2626 τοῦ

39 2614 202 2770 ff«
155 2649 337 2730 Συάγρου,
305 2677 355 2711 τον
369 2653 529 2714 τελειπαῖόν
545 2659 602 2730 σφι
617 2652 696 2713 τόνδε
714 2653 841 2729 ἐξέφαινε
856 2652 954 2734 λόγον·

154 2744 203 2794 “ω
188 2733 287 2806 ’ξεῖνε
304 2739 474 2849 Σπαρτιῆτα,
488 2740 594 2800 ὀνεῶεα
610 2739 740 2801 κατιόντα
755 2739 891 2819 ἀνθρώπῳ
908 2746 954 2816 φι-

153 2823 245 2882 λέει’
232 2824 378 2905 επανάγειν
395 2825 445 2888 τόν
464 2827 561 2905 θυμόν·
583 2827 621 2888 σῦ
637 2829 733 2905 μέντοι
750 2827 955 2906 ἀποδεξάμενος

154 2909 320 2988 ὑβρίσματα
333 2917 363 2974 έν
377 2917 416 2992 τῷ
431 2914 515 2996 λόγῳ,
532 2913 565 2974 οὔ
581 2941 617 2992 με
633 2916 747 2980 ἔπεισας
762 2914 912 2995 ἀσχήμονα
926 2920 955 2976 έν

152 3002 189 3076 τῇ
202 2997 313 3078 ἀμοιβῇ
325 3001 465 3082 γενέσθαι·
487 3001 554 3062 ὅκου
569 3003 600 3062 δὲ
615 3001 693 3080 ἡμεῖς
706 3002 777 3064 οὕτω
789 3002 955 3080 περιέχεσθε

152 3089 203 3162 τῆς
222 3087 380 3170 ἡγεμονίης,
395 3090 469 3154 οἶκός
489 3091 536 3150 καὶ
556 3093 605 3168 ε’μὶ
624 3094 737 3168 μᾶλλον
757 3089 847 3166 ἡμέων
866 3090 955 3166 περιέ-

151 3176 264 3253 χεσθαι,
285 3181 420 3256 στρατιῆς
439 3202 470 3237 τε
490 3177 570 3239 ε’όντα
589 3177 811 3252 πολλαπλοσίης
831 3175 955 3256 ἡγεμόνα

127 3332 129 3337 ,
153 3264 199 3324 καὶ
211 3268 284 3342 ιηῶν
298 3263 374 3327 πολι)
390 3265 525 3326 πλεόνων
546 3263 611 3324 ἀλλ’
626 3263 689 3324 ἐπεί
704 3289 736 3325 τε
751 3263 817 3340 ὑμῖν
834 3261 850 3323 6
868 3261 954 3344 λόγος
