2240 3424
156 105 204 153 τοι
464 99 647 152 Ἧνοιουοτ
893 101 955 162 [1x.

156 185 290 261 στρατιῆς
313 180 360 240 καὶ
379 178 435 241 ύπό
456 183 506 256 τῆς
527 180 613 239 ἵππου
633 179 854 257 ταρασσομένης,
878 208 957 242 συνε-

156 271 303 350 λέχθησαν
315 269 380 346 περὶ
393 267 482 328 αύτῶν
493 293 525 328 τε
537 267 640 328 τούτων
654 267 700 326 καὶ
713 267 817 342 ἀλλων,
829 269 959 336 ἐλθόντες
1013 283 1022 306 ’

157 358 233 434 παρά
257 357 422 432 Παυσανίην
445 355 490 414 ἐπὶ
510 355 543 415 τό
565 355 654 424 δεξιόν
676 356 765 433 κέρας·
795 355 872 416 ἄλλα
893 357 957 438 γάρ,

156 444 260 505 τούτων
283 443 414 504 τοιούτων
437 443 545 513 ἐόντων,
566 443 679 520 μᾶλλόν
700 449 791 520 σφεας
813 444 958 504 ἐπελύπεε·

157 531 290 612 οὔτεγὰρ
308 531 385 592 σιτία
404 531 479 610 εἶχον
498 531 545 601 ἔτι,
560 531 590 618 ηἴ
600 531 633 590 τέ
645 538 741 607 σφεων
757 530 873 595 ὀπέωνες
889 531 959 593 ἀπο-

156 620 331 697 πεμφθέντες
363 625 390 682 ἐς
416 617 639 695 Πελοπόννησον
667 617 702 682 οἷς
736 619 958 696 ἐπισιτιεύμενοι,

159 705 349 767 ἀποκεκλέατο
362 706 417 766 ύπό
429 709 480 782 τῆς
494 706 589 777 ἵππου,
604 706 637 766 ού
650 706 794 783 δυνάμενοι
807 705 960 769 ἀπικέσθαι

109 797 146 855 51
158 801 185 859 ἐς
197 796 230 856 τό
244 795 443 874 στρατόπεδον.
486 795 721 872 Βουλευομένοισι
738 795 767 853 δὲ
783 799 859 854 τοῖσι
873 823 958 873 στρα-

156 889 271 966 τηγοῖσι
287 883 371 954 ἔδοξε,
387 881 422 960 ἢν
439 883 655 960 ὑπερβάλωνται
674 883 765 959 κείνην
782 881 834 958 τὴν
851 883 959 961 ἡμέρην

160 976 186 1040 οἱ
207 974 318 1050 Πέρσαι
338 972 493 1049 συμβολήν
511 971 552 1049 μὴ
572 969 737 1048 ποιεύμενοι,
752 975 780 1032 ἐς
799 970 851 1046 την
870 977 958 1048 νῆσον

158 1063 236 1120 ἱέναι·
256 1060 275 1137 η’
295 1060 327 1119 δέ
346 1065 408 1120 ἐστι
428 1058 484 1119 ἀπό
504 1063 555 1119 τοῦ
567 1058 700 1118 Ἀσωποῦ
722 1059 767 1117 καὶ
787 1062 838 1134 τῆς
857 1059 958 1138 κρήνης

156 1151 207 1224 τῆς
226 1149 399 1230 Γαργαφίης,
415 1146 456 1207 ἐπ’
476 1145 496 1226 ᾖ
518 1140 786 1225 ἐστρατοπεδεύοντο
806 1146 878 1217 τότε,
892 1148 959 1208 δέκα

157 1237 288 1300 σταδίους
313 1236 467 1316 ἀπέχουσα,
496 1234 551 1312 πρό
577 1237 631 1311 τῆςΙ
658 1234 823 1293 Πλαταιέων
849 1235 957 1300 πόλιος.

156 1328 243 1401 νῆσος
269 1325 299 1384 δὲ
325 1322 395 1384 ούτω
421 1321 455 1384 ἀν
483 1324 524 1399 εἴη
551 1327 580 1382 ἐν
605 1321 719 1401 ἠπείρῳ·
748 1320 914 1401 σχιζόμενος
941 1323 958 1384 ό

157 1412 284 1490 ποταμός
297 1411 400 1471 ἄνωθεν
416 1417 446 1470 ἐκ
463 1414 514 1471 τοῦ
535 1411 708 1488 Κιθαιρῶνος
721 1411 778 1487 ῥέει
798 1409 870 1469 κάτω
885 1415 912 1493 ἐς
924 1412 958 1472 τό

157 1500 260 1571 πεδίον,
275 1499 372 1578 διέχων
390 1497 438 1556 ἀπ’
451 1497 585 1573 ἀλλήλων
598 1497 634 1557 τά
647 1499 746 1575 ῥέεθρα
759 1496 882 1575 ὅσονπερ
895 1500 959 1578 τρία

158 1587 268 1647 στάδια·
310 1587 356 1644 καὶ
377 1587 471 1646 ἔπειτα
494 1587 650 1667 συμμίσγει
674 1591 701 1649 ές
720 1584 818 1646 τοὶυτό·
854 1586 959 1665 οὕνομα

157 1675 189 1734 δέ
214 1677 240 1733 οἱ
265 1672 375 1751 Ὠερόη·
410 1673 548 1754 θυγατέρα
575 1674 605 1732 δὲ
625 1673 728 1750 ταύτην
750 1674 868 1755 λέγουσι
890 1675 959 1736 εἶναι

156 1762 288 1822 Ἀσωποῦ
316 1764 343 1820 οἱ
369 1760 521 1840 ἐπιχώριοι.
563 1765 590 1825 ἐς
616 1766 715 1822 τοῦτον
764 1761 773 1784 *
795 1762 845 1822 τόν
867 1767 959 1842 χῶρον

159 1851 369 1930 ἐβουλεύσαντο
393 1855 608 1928 μεταναστῆναι,
633 1849 678 1911 ἴνα
701 1851 747 1910 καὶ
772 1849 851 1912 ὕδατι
874 1850 958 1930 ἐχωσι

157 1941 283 2019 χρᾶσθαι
301 1939 416 2019 ἀφθόνῳ
436 1940 482 1999 καὶ
498 1942 525 2000 οἱ
542 1939 636 2004 ἱππέες
657 1941 749 2016 σφέας
764 1939 804 2016 μη
823 1941 956 2016 σινοίατο,

159 2027 252 2108 ὥσπερ
268 2027 326 2089 κατ’
341 2028 385 2088 ἰθύ
400 2027 507 2089 ἐόντων·
524 2029 738 2105 μετακινέεσθαί
747 2053 778 2088 τε
792 2027 882 2088 ἐδόκεε
894 2027 959 2089 τότε

159 2116 242 2178 ἐπεάν
265 2121 316 2194 τῆς
336 2115 434 2180 νυκτός
459 2115 479 2198 ᾖ
506 2116 618 2194 δευτέρη
645 2115 768 2193 φυλακή,
795 2115 831 2179 αἱς
857 2115 891 2176 ἂν
917 2116 958 2194 μή

159 2205 263 2266 ἰδοίατο
286 2209 312 2264 οἱ
334 2207 446 2282 Πέρσαι
467 2204 693 2282 ἐξορμεωμένους,
716 2203 765 2261 καί
783 2209 875 2278 σφεας
897 2204 959 2264 ἐπό-

158 2318 237 2370 μενοι
249 2291 420 2369 ταράσσοιεν
435 2295 461 2351 οἱ
475 2291 599 2352 ἱππόται.
640 2290 812 2366 ἀπικομένων
826 2289 855 2347 δὲ
869 2295 896 2352 ἐς
909 2291 960 2352 τόν

160 2385 252 2460 χῶρον
264 2383 364 2440 τοῦτον
376 2379 427 2440 τόν
440 2379 474 2456 δὴ
487 2379 506 2456 ἦ
518 2379 641 2442 Ἀσωπὶς
653 2375 754 2454 Ὠερόη
767 2378 960 2456 περισχίζεται

159 2469 264 2545 ῥέουσα
285 2472 315 2526 ἐκ
334 2469 384 2526 τοῦ
405 2469 584 2545 Κιθαιρῶνος,
606 2465 660 2526 ύπό
679 2463 732 2540 τήν
752 2462 836 2524 νύκτα
855 2463 959 2544 ταύτην

159 2553 250 2614 ἐδόκεε
268 2554 332 2618 τούς
352 2553 472 2631 ἡμίσεας
491 2553 680 2613 ἀποστέλλειν
695 2555 746 2612 τοῦ
766 2553 959 2629 στρατοπέδου

158 2642 229 2722 πρός
248 2643 298 2704 τάν
319 2641 488 2720 Κιθαιρῶνα,
508 2639 542 2704 οἱς
562 2640 733 2717 ἀναλάβοιεν
753 2637 818 2702 τούς
837 2639 959 2706 ὀπέωνας

158 2730 224 2795 τούς
249 2731 294 2791 ἐπὶ
316 2729 352 2792 ταὶ
379 2730 457 2790 σιτία
484 2729 654 2810 οἰχομένους·
688 2727 762 2806 ἦσαν
785 2727 840 2811 γάρ
866 2732 895 2789 ἐν
920 2733 960 2810 τῷ

160 2820 314 2897 Κιθαιρῶνι
325 2817 566 2898 ἀπολελαμμένοι.

111 2908 150 2966 52
200 2911 294 2969 Ταῦτα
319 2907 553 2986 βουλευσάμενοι,
581 2905 672 2983 κείνην
697 2907 749 2983 μέν
774 2903 827 2981 την
852 2903 959 2981 ἡμέρην

159 2998 264 3068 πᾶσαν,
283 2997 485 3075 προσκειμένης
503 2999 553 3072 τῆς
571 2995 665 3065 ἵππου,
685 2994 761 3073 εἶχον
778 2992 864 3054 πόνον
877 2990 957 3070 ἀτρυ-

159 3107 217 3142 τον·
232 3084 267 3150 ὦς
277 3085 335 3162 δέἦ
348 3111 379 3146 τε
389 3083 479 3164 ἡμέρη
492 3085 575 3166 ἔληγε
589 3083 635 3143 καὶ
646 3085 672 3142 οἱ
686 3082 780 3144 ἱππέες
794 3081 956 3149 ἐπέπαυντο,

159 3169 256 3234 νυκτός
277 3173 312 3248 δὴ
333 3174 482 3254 γενομένης
506 3171 552 3231 καὶ
574 3171 674 3247 ἐούσης
694 3173 744 3245 τῆς
766 3167 836 3246 ὥρης
857 3171 884 3229 ἐς
904 3164 958 3242 τῆν

159 3258 302 3320 συνέκειτό
314 3266 371 3336 σφι
382 3258 634 3330 ἀπαλλάσσεσθαι,
648 3258 765 3320 ἐνθαῦτα
777 3254 917 3334 ἀερθέντες
930 3256 958 3312 οἱ
