2240 3424
160 81 208 129 ιιι
458 79 652 145 ,Ἧνοιουοτ
897 79 962 144 [m

29 164 31 168 ’
112 161 151 222 30
159 158 283 240 χιλιάδες
296 158 342 217 καὶ
355 156 531 220 ἑκατοντάδες
546 157 639 217 πέντε.
655 169 657 176 “
679 161 735 217 Τοῦ
751 158 781 218 δὲ
799 157 962 235 σθμπανπος

160 245 326 320 Ἑλληνικοῦ
348 248 399 304 τοῦ
423 244 608 313 συνελθόντος
632 249 660 308 ἐς
683 244 840 308 Πλαταιάς·
853 243 907 306 σάν
929 274 962 309 τε

160 332 295 411 ὁπλίτῃσι
309 333 355 390 καὶ
369 336 481 410 ψιλοῖσι
492 336 571 393 τοῖσι
589 334 740 412 μαχίμοισι
757 332 851 392 ἕνδεκα
864 335 961 411 μυριά-

161 420 204 484 δες
216 418 298 495 ἦσαν,
313 423 379 496 μιῆς
391 420 518 498 χιλιάδος
534 421 605 498 πρδς
623 421 653 480 δὲ
669 419 840 480 ὀκτακοσίων
856 419 962 498 ἀνδρῶν

92 525 95 532 ’
161 508 353 568 καταδέουσαι·
384 506 438 568 σιλν
453 508 483 567 δὲ
498 509 643 569 Θεσπιέων
659 511 736 568 τοῖσι
752 512 889 585 παρεοῦσι
905 511 962 580 ἐξε-

160 599 327 672 πληροῦντο·
340 596 369 654 αἶ
391 595 485 655 ἕνδεκα
510 596 649 674 μυριάδες·
682 599 815 672 παρῆσαν
838 595 893 676 γάρ
915 599 963 657 καὶ

161 684 304 743 Θεσπιέων
320 687 350 743 ἐν
366 687 405 762 τῷ
423 683 603 762 στρατοπέδῳ
619 687 646 743 οἱ
666 682 827 760 περιεόντες,
843 681 963 761 α’ριθμδν

161 776 189 834 ἐς
202 770 383 833 ὀκτακοσίους
396 770 442 829 καὶ
451 772 569 849 χιλίους·
584 770 660 831 ὅπλα
673 771 703 830 δέ
716 769 772 830 οὔδ’
785 769 861 830 οὗτοι
875 771 961 851 εἶχον.

162 855 239 918 οὗτοι
251 858 303 935 μέν
316 884 365 918 νυν
377 858 525 938 ταχθέντες
542 857 587 917 ἐπὶ
603 861 642 937 τῷ
658 856 778 936 Ἀσωπῷ
794 862 962 936 ἐστρατοπε-

162 945 282 1007 δεύοντο.
692 1003 695 1012 .

114 1035 150 1093 31
166 1091 168 1098 ,
203 1037 240 1094 Οἱ
253 1034 282 1093 δὲ
296 1033 371 1112 ἀμφὶ
384 1032 544 1111 Μαρδόνιον
557 1031 711 1110 βάρβαροι,
722 1031 757 1096 ὦς
770 1032 963 1110 ἀπεκήδευσαν

161 1123 333 1191 Μασίστιον,
347 1124 488 1200 παρῆσαν,
500 1120 652 1197 πυθόμενοι
663 1120 880 1196 ποῧςἜλληνας
893 1121 963 1183 εἶναι

162 1214 191 1270 ἐν
204 1213 377 1288 Πλαταιῇσι,
392 1209 437 1268 καὶ
450 1207 529 1268 αὐτοὶ
543 1207 588 1268 ἐπὶ
600 1206 650 1268 τᾶν
662 1207 794 1268 Ἀσωπδν
809 1208 858 1269 τὸν
871 1209 962 1289 ταύτῃ

161 1293 284 1373 ῥέοντα.Ι
311 1295 473 1373 άπικάμενοι
508 1295 538 1354 δὲ
577 1293 783 1355 ἀντετάσσοντο
819 1292 871 1354 ὧδε
907 1295 962 1357 ὖπδ

162 1384 332 1462 Μαρδονίου·
353 1383 424 1444 κατοὶ
443 1385 495 1460 μὲν
514 1383 749 1460 Λακεδαιμονίους
769 1383 873 1459 ἔστησε
889 1385 961 1462 Πέρ-

162 1497 225 1534 σας·
240 1472 286 1530 καὶ
295 1470 330 1546 δή
343 1469 454 1530 πολλὰν
463 1470 517 1550 γιὶρ
531 1469 683 1547 περιέασαν
692 1468 796 1546 πλήθεΐ
805 1473 831 1530 οἶ
842 1473 961 1549 Πέρσαι,

163 1561 211 1618 ἐπί
225 1585 257 1618 τε
274 1558 351 1628 τάξις
364 1561 484 1620 πλεῦνας
502 1557 696 1634 ἐκεκοσμέατο,
711 1557 757 1616 καὶ
774 1561 886 1638 ἐπεῖχον
898 1559 963 1626 τοθς

162 1645 310 1726 Τεγεήτας·
331 1645 409 1715 ἔπαξε
422 1644 451 1703 δὲ
465 1643 545 1704 οὕτω·
567 1643 583 1704 ὅ
596 1669 624 1704 τι
637 1647 689 1721 μὲν
701 1644 736 1720 ἦν
750 1644 834 1706 αὐτοῦ
848 1646 963 1708 δυνατά-

162 1759 247 1794 πατον
266 1735 323 1793 πᾶν
338 1732 486 1804 ἀπολέξας,
501 1733 604 1808 ἔστησε
622 1730 716 1792 άντίον
729 1733 962 1811 Λακεδαιμονίων·

162 1821 196 1886 τδ
216 1820 247 1881 δὲ
266 1819 468 1898 ἀσθενέστερον
486 1819 623 1898 παρέταξε
644 1820 715 1880 κατοὶ
735 1819 801 1884 τοάς
816 1821 963 1902 Τεγεήτας·

163 1912 251 1971 ταῦτα
268 1907 292 1969 δ’
311 1908 401 1970 ἐποίεε
417 1907 577 1986 φραζόντων
595 1934 626 1968 τε
645 1908 691 1966 καὶ
707 1905 892 1971 διδασκόντων
909 1915 964 1985 Θη-

163 1999 262 2075 βαίων.
296 1997 431 2075 Περσέων
445 1997 474 2056 δέ
487 1997 635 2076 ἐχομένους
649 1996 727 2066 ἔταξε
741 1997 865 2072 Μήδους·
887 1993 964 2057 οὗτοι

164 2085 194 2145 δέ
221 2086 343 2166 ἐπέσχον
369 2085 534 2162 Κορινθίους
565 2109 595 2143 τε
622 2083 669 2142 καὶ
696 2083 890 2161 Ποτιδαιήτας,
919 2085 965 2144 καὶ

163 2172 360 2252 Ὀρχομενίους
385 2197 416 2232 τε
440 2171 486 2231 καὶ
509 2171 682 2236 Σικυωνίους.
723 2171 828 2248 Μήδων
852 2173 882 2232 δὲ
905 2177 965 2252 ἐχο-

164 2261 262 2338 μένους
286 2259 364 2328 ἔταξε
389 2259 550 2337 Βακτρίους·
586 2256 663 2320 οὗτοι
690 2258 719 2318 δέ
742 2260 864 2335 ἐπέσχον
887 2258 966 2320 Ἐπι-

165 2349 290 2426 δαυρίους
305 2373 336 2409 τε
359 2347 405 2406 καὶ
424 2348 606 2426 Τροιζηνίους,
628 2346 675 2406 καὶ
694 2344 854 2421 Λεπρεήτας
870 2370 901 2404 τε
920 2349 968 2406 καὶ

131 2431 136 2442 '
165 2436 333 2514 Τιρυνθίους,
348 2435 394 2496 καὶ
407 2436 584 2512 Μυκηναίους
596 2459 627 2494 τε
640 2433 686 2492 καὶ
699 2431 861 2495 Φλιασίους.
894 2434 967 2508 μετὰ

166 2523 196 2584 δὲ
209 2524 362 2602 Βακτρίους
380 2524 484 2600 ἐστησε
500 2520 610 2584 Ἰνδούς·
635 2519 712 2580 οὗτοι
726 2517 756 2578 δὲ
770 2518 892 2598 ἐπέσχον
904 2519 967 2598 Ἑρ-

166 2613 278 2690 μιονέας
294 2638 326 2672 τε
343 2612 389 2671 καὶ
406 2609 568 2688 Ἐρετριέας,
587 2607 634 2666 καὶ
647 2607 768 2685 Στυρέας
783 2631 814 2667 τε
828 2607 874 2668 καὶ
888 2611 967 2668 Χαλ-

167 2700 266 2765 κιδέας.
300 2699 394 2762 Ἰνδῶν
404 2698 434 2758 δέ
444 2697 591 2777 ἐχομένους
602 2695 694 2761 Σάκας
704 2694 791 2766 ἔταξε·
809 2694 835 2756 οἳ
845 2696 968 2778 ἐπέσχον

166 2787 375 2866 Ἀμπρακιήτας
394 2811 426 2848 τε
445 2786 491 2844 καὶ
509 2783 712 2863 Ἀνακτορίους,
734 2784 780 2844 καὶ
792 2783 968 2854 Λευκαδίους,

168 2876 214 2935 καὶ
232 2876 355 2946 Παλέας,
376 2873 421 2932 καὶ
440 2870 599 2953 Αἰγινήτας.
640 2871 752 2939 Σακέων
773 2872 802 2932 δέ
820 2871 969 2951 ἐχομένους

168 2963 246 3033 έταξε
258 2961 339 3023 άντία
351 2959 504 3036 Ἀθηναίων
522 2985 553 3020 τε
571 2961 618 3021 καὶ
634 2962 800 3023 Πλαταιέων
814 2961 859 3020 καὶ
872 2965 968 3040 Μεγα-

169 3051 238 3127 ρέων
250 3046 386 3110 Βοιωτούς
405 3071 437 3107 τε
458 3047 503 3106 καὶ
516 3050 650 3126 Λοκρούς,
664 3051 710 3110 καὶ
731 3050 859 3126 Μηλιέας
874 3073 904 3106 τε
923 3045 969 3105 καὶ

168 3135 342 3208 Θεσσαλοθς,
370 3134 416 3196 καὶ
436 3135 551 3196 Φωκέων
570 3137 635 3202 τούς
654 3137 772 3218 χιλίους·
804 3135 836 3195 οὖ
856 3133 910 3214 γάρ
932 3130 970 3192 ὦν

168 3221 287 3287 ἅπαντες
306 3226 335 3284 οἱ
353 3221 460 3288 Φωκέες
477 3223 623 3302 έμήδισαν·
644 3225 722 3286 ἀλλά
736 3249 807 3288 τινες
819 3219 909 3282 αὐτῶν
922 3218 970 3277 καὶ
