2280 3432
107 87 109 90 ,
177 55 225 100 254
489 45 671 96 Ἦνοιουου
879 44 975 109 [vm.

176 157 264 210 μενοι,
276 129 368 206 ἐςιτήν
378 129 526 206 Σαλαμῖνα
539 126 650 186 διένεον·
669 128 725 187 τόν
738 125 769 186 δέ
781 123 938 203 βαρβάρων
951 129 980 186 οἱ

176 219 283 296 πολλοὶ
311 222 340 277 ἐν
370 219 406 295 τῇ
434 214 569 292 θαλάσσῃ
600 212 802 292 διεφθάρησαν,
832 214 902 275 νέειν
928 213 979 274 ούκ

178 303 367 381 ἐπιστάμενοι.
410 304 469 362 ἐπεὶ
497 303 526 362 δὲ
552 305 581 360 αἱ
607 305 715 380 πρῶται
736 306 762 364 ἐς
787 300 882 382 φυγήν
901 303 979 379 ἐτρά-

179 419 275 463 ποντο,
298 393 415 452 ἐνθαῦτα
434 394 466 468 Ιαἱ
486 393 620 450 πλεῖσται
644 391 843 466 διεφθείροντο·
879 394 905 449 οἱ
923 391 979 471 γάρ

179 478 281 541 ὄπισθε
291 480 463 560 τεταγμένοι,
474 482 502 542 ἐς
514 478 547 539 τδ
561 477 671 556 πρόσθε
680 482 749 557 τῇσι
759 477 842 554 νηυσὶ
852 480 980 556 παριέναι

178 567 351 645 τειρόμενοι,
378 566 413 631 ἀς
440 567 641 644 ἀποδεξόμενοί
666 592 695 627 τι
722 566 778 626 καὶ.
794 564 872 625 αὐτοὶ
899 567 981 647 ἔργον

179 657 309 732 βασιλέϊ,
329 659 398 736 τῇσι
418 659 575 735 σφετέρῃσι
594 655 676 732 νηυσὶ
700 652 879 735 φευγούσῃσι
904 679 980 732 περι-

180 746 302 806 έπιπτον.

132 835 171 892 90
219 832 348 914 Ἐγένετο
368 831 398 892 δέ
418 831 464 892 καὶ
483 830 547 891 τόδε
568 835 597 890 ἐν
616 832 655 908 τῷ
675 828 788 908 θορύβῳ
807 828 904 908 τούτῳ·
924 833 981 890 τῶν

178 946 249 984 τινες
272 921 406 981 Φοινίκων
428 923 483 980 τάν
506 921 536 978 αἶ
555 921 618 994 νῆες
638 917 831 994 διεφθαρέατο,
852 916 981 982 ἐλθόντες

179 1009 256 1086 παροὶ
268 1009 396 1086 βασιλέα
409 1008 565 1083 διέβαλλον
577 1004 753 1078 τούςἸωνας,
766 1003 802 1069 ἀς
815 1003 849 1064 δι’
863 1006 981 1070 ἐκείνους

179 1096 336 1158 ἀπολοίατο
364 1099 393 1155 αἱ
416 1099 487 1172 νῆες,
513 1093 549 1158 οἷς
574 1093 742 1171 προδόντων·
776 1092 920 1168 συνήνεικε
943 1091 982 1154 ὧν

180 1184 257 1258 οὕτω,
287 1184 359 1246 ὥστε
386 1183 484 1244 Ἰάνων
504 1209 536 1244 τε
556 1181 621 1246 τούς
648 1179 823 1262 στρατηγούς
847 1179 888 1257 μή
911 1179 981 1242 ἀπο-

179 1273 290 1345 λέσθαι,
318 1272 452 1332 Φοινίκων
483 1297 514 1331 τε
543 1269 609 1333 τούς
639 1268 848 1345 διαβάλλοντας
877 1270 981 1346 λαβεῖν

180 1360 287 1422 τοιόνδε
300 1359 415 1437 μισθόν·
437 1359 477 1418 ἐτι
486 1358 592 1418 τούτων
603 1360 692 1418 ταῦτα
702 1355 849 1438 λεγόντων,
861 1356 981 1433 ἐνέβαλε

180 1449 226 1524 νηῒ
251 1447 366 1526 Ἀττική
393 1444 585 1522 Σαμοθρηικίη
608 1449 682 1522 νηῦς·
716 1444 735 1520 ἦ
757 1469 789 1506 τε
812 1443 846 1520 δή
866 1443 980 1521 Ἀττική
1048 1500 1052 1510 ,

181 1534 335 1604 κατεδύετο,
350 1533 396 1594 καὶ
415 1534 603 1612 ἐπιφερομένη
615 1533 745 1615 Αἰγιναίη
762 1536 830 1610 νηῦς
846 1532 981 1593 κατέδυσε

180 1626 235 1682 τῶν
248 1621 448 1698 Σαμοθρηίκων
460 1621 512 1697 τήν
525 1626 588 1698 νῆα·
606 1622 655 1682 ἀπε
669 1622 703 1700 δή
715 1621 805 1686 ἐόντες
818 1620 980 1682 ἀκοντισταὶ

181 1713 209 1768 οἱ
236 1707 434 1786 Σαμοθρήικες,
461 1708 526 1772 τούς
548 1709 684 1786 ἐπιβάτας
710 1709 767 1770 άπδ
789 1713 840 1784 τῆς
867 1709 981 1769 καταδυ-

181 1795 274 1873 σάσης
295 1796 361 1873 νηός
377 1796 539 1873 βάλλοντες
554 1797 707 1874 ἀπήραξαν,
726 1798 772 1858 καὶ
788 1796 935 1874 ἐπέβησάν
949 1821 982 1857 τε

182 1885 228 1944 καὶ
262 1885 348 1964 ἔσχον
374 1884 471 1962 αύτήν.
511 1888 600 1946 ταῦτα
628 1885 764 1967 γενόμενα
794 1884 859 1950 τούς
884 1885 982 1948 Ἴωνας

181 1970 329 2050 ἐρρύσατο·
360 1972 396 2038 ὦς
417 1972 474 2055 γάρ
493 1973 550 2034 εἶδέ
571 1980 664 2051 σφεας
684 1973 790 2051 Ξέρξης
811 1973 891 2054 ἔργον
907 1973 982 2054 μέγα

182 2062 397 2142 ἐργασαμένους,
429 2062 564 2140 ἐτράπετο
590 2062 661 2139 πρδς
680 2060 745 2125 τούς
770 2061 905 2134 Φοίνικας,
935 2060 982 2120 οἷα

180 2147 422 2227 ύπερλυτεόμενός
451 2176 483 2211 τε
517 2151 564 2210 καὶ
591 2149 698 2213 πάντας
726 2148 894 2225 αἰτιώμενος·
936 2150 987 2209 καί

181 2242 278 2312 σφεων
305 2240 436 2298 ἐκέλευσε
462 2244 512 2300 τάς
539 2235 666 2312 κεφαλάς
688 2235 843 2310 ἀποταμεῖν
871 2236 916 2294 ἵνα
941 2236 983 2314 μή

182 2323 262 2383 αύτοὶ
281 2325 360 2384 κακοὶ
378 2325 522 2406 γενόμενοι
541 2323 606 2386 τούς
625 2322 771 2399 ἀμείνονας
791 2321 983 2397 διαβάλλωσι.

183 2411 262 2491 (ὅκως
288 2412 344 2493 γάρ
370 2437 432 2472 τινα
452 2412 507 2472 ἴδοι
528 2410 634 2488 Ξέρξης
655 2413 710 2470 τῶν
732 2411 832 2467 ἑωυτοῦ
854 2409 935 2489 ἔργον
956 2437 985 2472 τι

182 2497 414 2577 ἀποδεικνύμενον
434 2503 464 2559 ἐν
482 2502 519 2576 τῇ
538 2496 686 2574 ναυμαχίη,
702 2495 854 2572 κατήμενος
871 2495 928 2557 ύπά
946 2503 985 2579 τῷ

183 2583 258 2661 ούρεῖ
274 2588 313 2664 τῷ
333 2584 427 2646 ἀντίον
448 2586 607 2662 Σαλαμῖνος
626 2583 659 2644 τά
681 2583 810 2645 καλέεται
830 2583 983 2664 Αἰγάλεως,

182 2671 384 2733 ἀνεπυνθάνετο
404 2671 455 2733 τόν
472 2670 640 2747 ποιήσαντα·
666 2673 711 2732 καὶ
729 2675 757 2733 οἶ
772 2673 986 2755 γραμματισταὶ

183 2758 343 2840 ἀνέγραφον
355 2758 495 2837 πατρόθεν
507 2757 557 2820 τδν
570 2759 739 2841 τριήραρχον
752 2762 798 2820 καὶ
813 2761 866 2837 τήν
878 2759 985 2844 πόλιν.)

181 2845 253 2924 πράς
266 2845 296 2908 δέ
309 2848 349 2909 ἐτι
363 2847 409 2909 καὶ
421 2846 621 2926 προσελάβετο
632 2848 717 2924 φίλος
732 2848 782 2910 ἐάν
789 2846 985 2926 Ἀριαράμνης,

184 2933 254 3018 ἀνήρ
268 2937 384 3015 Πέρσης
396 2937 514 3014 παρεάν,
523 2934 624 2996 τούτου
637 2940 687 2998 τοῦ
700 2937 858 3014 Φοινικηίου
872 2934 985 2998 πάθεος·

137 3023 174 3083 91
227 3026 264 3083 Οἱ
276 3027 327 3101 μέν
341 3026 375 3102 δή
388 3026 458 3103 πράς
470 3024 535 3089 τούς
548 3026 677 3090 Φοινίκας
691 3024 853 3104 ἐτράποντο.
890 3025 944 3083 τάν
957 3023 987 3083 δέ

183 3110 340 3191 βαρβάρων
367 3119 395 3178 ἐς
422 3113 516 3198 φυγήν
540 3115 720 3194 τραπομένων
746 3114 793 3174 καὶ
815 3107 988 3172 ἐκπλεόντων

183 3196 255 3274 πρός
279 3200 314 3264 τό
341 3201 481 3282 Φάληρον,
510 3207 666 3286 Αίγινῆται,
696 3199 869 3264 ύποστάντες
894 3200 925 3256 ἓν
949 3199 990 3276 τῷ
