2280 3432
154 100 204 149 τω
477 95 659 146 ἯΡοΔουοτ
860 91 955 158 [vm.

156 180 208 254 μὲν
227 177 282 257 γάρ
298 180 354 238 τῶν
374 175 490 234 Φωκέων
511 179 538 236 ἐς
558 173 594 233 τά
617 173 688 250 άκρα
707 176 758 233 τοῦ
779 177 958 250 Παρνησσοΰ

156 263 310 339 ἀνέβησαν·
345 264 406 323 ἐστι
427 263 456 320 δὲ
480 253 525 324 κάἶ
549 261 677 336 ἐπιτηδέη
701 260 834 328 δέξασθαι
855 259 958 336 ὅμιλον

156 355 206 410 τοῦ
217 353 391 427 Παρνησσοῦ
401 349 421 425 ἦ
431 348 540 426 κορυφῆ
555 349 625 408 κατά
635 349 734 407 Νέωνα
746 347 831 406 πόλιν
845 348 958 424 κειμένη

158 437 200 496 ἐπ’
214 441 323 513 ἑωυτῆς·
344 437 463 514 Τιθορέα
477 436 582 512 οὕνομα
598 435 678 514 οὔτῇ·
700 441 727 498 ἐς
739 433 791 510 τήν
804 435 838 510 δὴ
852 433 958 511 άνηνεί-

158 551 250 595 καντο,
274 526 319 584 καὶ
341 524 419 584 αὐτοὶ
441 522 490 583 α’νέ
512 549 595 599 ησαν·
631 525 657 582 οἱ
678 523 708 582 δὲ
729 525 846 586 πλεῦνες
867 522 958 584 αὐτῶν

159 617 186 676 ἐς
201 613 265 676 τούς
281 611 401 684 Ὀζόλας
417 611 541 689 Λοκρούς
563 611 767 688 ἐξεκομίσαντο,
786 615 814 674 ἐς
828 609 958 688 Ἀμφισ-

159 727 214 760 σαν
224 701 316 770 πόλιν,
326 700 378 778 τὴν
385 699 454 778 δπὲρ
467 705 517 760 τοῦ
528 700 668 776 Κρισαίου
678 699 773 758 πεδίου
788 700 956 775 οἰκεομένην,

159 791 185 846 οἱ
210 789 239 848 δὲ
259 788 405 867 βάρβαροι
426 788 477 864 τὴν
498 787 591 866 χώρην
612 789 709 847 πάσαν
733 786 886 863 ἐπέδραμον
905 787 958 862 τὴν

158 877 276 937 Φωκίδα·
308 877 454 937 Θεσσαλοὶ
478 875 533 957 γάρ
558 874 627 934 οὕτω
653 873 723 955 ἦγον
749 872 798 933 τόν
825 873 957 950 στρατόν·

160 964 250 1024 ὁκόσα
263 965 292 1024 δὲ
306 966 436 1044 ἐπέσχον,
449 963 541 1023 πάντα
554 963 712 1042 ἐπέφλεγον
725 962 772 1020 καὶ
785 962 896 1038 ἔκειρον,
912 963 958 1020 καὶ

112 1054 149 1112 33
159 1057 187 1115 ἐς
204 1052 253 1116 τάς
269 1052 352 1116 πόλις
372 1053 485 1114 ἐνιέντες
499 1055 555 1128 πῦρ
575 1051 620 1108 καὶ
639 1055 666 1113 ἐς
683 1049 718 1108 τά
740 1048 793 1127 ἶρά.
835 1049 959 1125 Πορευό-

159 1165 237 1217 μενοι
262 1139 318 1221 γάρ
344 1139 430 1218 ταύτῃ
457 1137 534 1214 παρὰ
562 1137 612 1197 τόν
639 1136 796 1213 Κηφισσὸν
822 1135 958 1212 ποταμόν,

161 1227 267 1303 ἐδηίουν
280 1227 379 1296 πάντα,
394 1227 439 1285 καὶ
453 1225 523 1286 κατά
538 1228 590 1302 μὲν
605 1227 725 1284 ἔκαυσαν
738 1224 853 1302 Δρόμον
865 1225 959 1294 πόλιν,

162 1314 231 1374 κατά
250 1315 279 1373 δὲ
298 1314 455 1391 Χαράδρην,
470 1314 516 1372 καὶ
526 1313 662 1392 Ἔρωχον,
678 1313 723 1371 καὶ
738 1311 899 1389 Τεθρώνιον,
914 1309 960 1370 καὶ

108 1427 114 1438 ’
158 1403 339 1478 Ἀμφίκαιαν,
362 1402 408 1460 καὶ
427 1401 532 1469 Νέωνα,
558 1401 603 1458 καὶ
622 1400 747 1469 Πεδιέας,
770 1400 816 1458 καὶ
837 1398 959 1477 Τριτέας,

162 1491 208 1550 καὶ
227 1488 382 1558 Ἐλάτειαν,
400 1488 446 1547 καὶ
465 1487 631 1565 Ὑάμπολιν,
648 1488 693 1546 καὶ
714 1487 958 1565 Παραποταμίους,

163 1578 209 1636 καὶ
230 1576 333 1652 Ἀβας·
369 1577 434 1636 ἔνθα
460 1573 495 1652 ἦν
522 1575 581 1652 ἱρόν
607 1574 787 1639 ’Λπόλλωνος
813 1574 959 1646 πλούσιον,

163 1664 334 1741 θησαυροῖσί
343 1690 374 1723 τε
389 1664 434 1722 καὶ
448 1662 609 1739 α’ναθήμασι
624 1667 761 1723 πολλοῖσι
775 1687 960 1722 κατεσκευασ-

162 1752 254 1829 μένον·
285 1749 319 1827 ἦν
343 1751 372 1810 δὲ
396 1752 442 1810 καὶ
464 1751 528 1812 τότε
553 1751 598 1810 καὶ
622 1756 670 1811 νῦν
697 1752 767 1822 ἐστὶ,
789 1749 962 1830 χρηστήριον

163 1839 268 1900 αὐτόθι·
299 1840 344 1898 καὶ
363 1843 445 1900 τοῦτο
466 1839 498 1900 τό
520 1839 579 1916 ἱρόν
600 1838 775 1914 συλήσαντες
796 1839 962 1915 ἐνέπρησαν·

164 1929 212 1988 καί
231 1953 306 1990 τινας
327 1926 469 1990 διώκοντες
490 1926 566 1986 εἶλον
586 1931 642 1986 τιδν
662 1927 777 1986 Φωκέων
797 1925 866 2003 πρός
886 1929 962 1985 τοῖσι

164 2015 268 2094 οὔρεσι·
305 2016 351 2075 καὶ
371 2015 501 2096 γυναῖκάς
520 2039 596 2076 τινας
616 2014 775 2091 διέφθειραν
794 2011 963 2094 μισγόμενοι

163 2103 218 2164 find
232 2104 365 2180 πλήθεος.
818 2129 822 2134 ·

117 2194 155 2252 34
205 2191 441 2268 Παραποταμίους
459 2190 488 2249 δέ
505 2189 746 2268 παραμειβόμενοι
764 2192 791 2250 οἱ
808 2189 962 2267 βάρβαροι,

163 2279 296 2338 ἀπίκοντο
310 2283 337 2340 ἐς
347 2279 505 2341 Πανοπέας·
527 2279 651 2339 ἐνθεῦτεν
661 2278 695 2354 δη
706 2275 759 2354 ἤδη
773 2279 964 2355 διακρινομένη

163 2366 183 2443 ἦ
206 2365 324 2443 στρατιὴ
346 2365 435 2424 αὐτῶν
456 2366 591 2444 ἐσχίζετο.
632 2365 665 2424 τό
686 2368 737 2442 μὲν
757 2369 894 2425 πλεῖστον
919 2366 964 2424 καὶ

165 2452 352 2514 δυνατώτατον
365 2450 418 2511 rofi
435 2458 565 2530 στρατοῦ,
582 2452 640 2530 ἅμα
657 2452 730 2531 αὐτῷ
742 2453 833 2531 Ξέρξη
851 2451 964 2530 πορευό-

164 2567 248 2619 μενον
275 2540 317 2600 ἐπ’
340 2539 467 2617 Ἀθήνας,
496 2541 620 2616 ἐσέβαλε
644 2545 671 2602 ἐς
698 2541 835 2603 Βοιωτοῦς
860 2545 887 2602 ἐς
910 2543 965 2620 γῆν

164 2629 360 2709 Ὀρχομενίων.
402 2632 529 2688 Βοιωτῶν
548 2627 577 2685 δὲ
595 2631 652 2686 πᾶν
667 2627 700 2687 τό
719 2628 829 2704 πλῆθος
846 2625 964 2703 ἐμήδιζ·

164 2718 214 2782 τάς
227 2718 257 2777 δέ
269 2716 352 2780 πόλις
368 2716 456 2776 αὐτῶν
475 2714 570 2790 ἅνδρες
583 2713 742 2778 Μακεδόνες
758 2714 965 2795 διατεταγμένοι

166 2806 276 2877 ἔσωζον,
303 2804 357 2864 ὑπό
378 2803 563 2876 Ἀλεξάνδρου
589 2801 829 2878 ἀποπεμφθέντες·
864 2801 966 2872 ἔσωζον

165 2895 203 2966 δέ,
226 2894 292 2973 τῇδε
313 2890 484 2968 βουλόμενοι
505 2889 592 2962 δῆλον
615 2891 719 2948 ποιέειν
745 2890 835 2968 Ξέρξη
863 2888 905 2949 ὅτι
930 2888 964 2948 τά

165 2982 270 3057 Μήδων
286 2979 403 3038 Βοιωτοὶ
422 2975 575 3051 φρονέοιεν.
618 2973 696 3036 οὗτοι
711 2975 810 3052 μὲνδὴ
827 2981 882 3035 τῶν
894 2977 965 3052 βαρ

118 3075 156 3128 35
165 3070 261 3147 βάρων
287 3066 374 3144 ταύτῃ
402 3061 562 3139 ἐτράποντο.
599 3062 705 3122 Ἀλλοι
729 3063 759 3121 δέ
780 3061 876 3132 αὐτῶν,
899 3061 964 3143 ἦγε·

165 3157 252 3233 μόνας
269 3157 386 3234 ἔχοντες,
401 3149 520 3227 ὁρμέατο
539 3148 584 3206 ἐπὶ
599 3150 632 3209 τό
649 3149 709 3226 ίρδν
724 3149 758 3210 τό
777 3154 805 3209 ἐν
819 3151 965 3224 Δελφοῖσι

175 3247 196 3300 ἔν
221 3243 296 3318 δεξιῇ
316 3239 367 3298 τόν
388 3233 561 3312 Παρνησσόν
581 3235 756 3316 ἀπέργοντες·
791 3234 847 3294 ὅσα
869 3235 898 3293 δὲ
919 3237 965 3293 καὶ
