2294 3430
197 124 339 190 126-128]
552 126 665 174 EPA'm.
947 127 992 175 111

196 207 329 284 Ἀμύριος
340 209 391 266 τοῦ
404 211 500 283 σοφοῦ
504 197 667 288 ’λεγομένου
683 204 758 270 πάϊς·
779 203 856 265 οὗτοι
864 217 867 222 ’
875 209 927 283 μὲν
940 206 997 267 άπό

197 291 319 368 Ἰταλίης
332 291 431 368 ἦλθον.
472 299 502 353 ἐκ
516 293 546 352 δὲ
558 299 608 353 τοῦ
623 294 731 354 κόλπου
743 296 794 354 τοῦ
806 291 914 364 Ἰονίου,
927 292 995 371 Ἀμ-

199 381 358 458 φίμνηστος
376 381 571 458 Ἐπιστρόφου
593 380 785 457 Ἐπιδάμνιος·
810 379 890 444 οὗτος
913 381 943 440 δὲ
967 386 997 440 ἔκ

198 473 248 528 τοῦ
264 467 370 529 Ἰονίου
394 467 511 528 κόλπου.
552 467 678 530 Αἰτωλός
701 469 731 526 δὲ
754 467 833 544 ἦλθε,
858 467 997 545 Τιτόρμου

197 559 247 614 τοῦ
259 555 434 634 ύπερφύντος
446 581 477 614 τε
485 555 630 630 Ἕλληνας
645 555 722 632 ἰσχύϊ
735 556 781 614 καὶ
794 554 933 636 φυγόντος
949 554 996 615 α’ν-

198 642 323 720 θρύπους
337 649 364 705 ἐς
377 641 427 704 τοὶς
440 642 574 720 ἐσχατιάς
585 647 636 716 τῆς
648 642 800 705 Αἰτωλίδος
819 641 918 721 χώρης,
932 641 995 702 τού-

197 755 247 788 του
266 734 317 790 τοΰ
333 729 472 806 Τιτόρμου
494 728 632 805 α’δελφεδς
650 728 762 804 Μάλης·
784 728 841 788 οἷπιϊ
860 729 890 788 δὲ
904 733 997 788 Πελο-

197 812 350 893 ποιαησου,
377 817 510 880 Φειδωνος
535 821 585 876 τοῦ
611 815 743 896 Ἀργείων
768 816 903 893 τυράννου
929 816 996 880 πάϊς

198 904 353 980 Λεωκήδης,
376 904 510 967 Φειδωνος
534 903 564 962 δὲ
586 907 638 962 τοῦ
659 902 696 962 τά
716 903 805 981 μέτρα
825 903 996 978 ποιήσαντος

199 991 458 1067 Πελοποννησίοισι
472 992 518 1050 καὶ
531 990 701 1067 ὑβρίσαντος
713 991 836 1069 μέγιστα
849 989 882 1064 δη
893 990 997 1066 Ἑλλή-

199 1105 251 1138 νων
264 1078 400 1149 άπάντων,
414 1079 445 1142 ὃς
459 1078 652 1154 ἐξαναστήσας
671 1077 736 1140 τούς
753 1076 873 1136 Ἠλείων
893 1077 995 1157 ἀγωνο-

200 1167 280 1230 θέτας
300 1167 382 1230 αύτδς
402 1165 451 1227 τόν
469 1172 498 1227 έν
510 1165 654 1244 Ὀλυμπίῃ
666 1165 763 1246 ὀἷγῶνα
785 1165 874 1240 ἔθηκε·
895 1163 997 1225 τούτου

199 1278 230 1312 τε
253 1253 287 1329 δὴ
310 1254 383 1324 πάϊς,
408 1254 453 1313 καὶ
474 1253 622 1330 Ἀμίαντος
646 1252 817 1333 Λυκούργου,
841 1250 945 1328 Ἀρκάς
967 1257 997 1312 ἐκ

199 1342 415 1416 Τραπεζοῦντος·
436 1343 482 1401 καὶ
494 1341 579 1417 Ἀζὴν
592 1347 622 1401 ἔκ
633 1343 725 1400 Παίου
739 1339 839 1402 πόλιος
851 1337 995 1415 Λαφάνης,

199 1427 378 1506 Εὐφορίωνος
389 1433 440 1489 τοῦ
454 1430 602 1506 δεξαμένου
614 1455 646 1489 τε
663 1427 711 1507 (οἷς
724 1427 810 1509 λόγος
823 1432 852 1486 ἐν
864 1426 997 1504 Ἀρκαδίῃ

199 1517 323 1597 λέγεται)
336 1517 400 1580 τούς
417 1517 606 1593 Διοσκούρους
626 1518 739 1576 οϊκίοισι
760 1515 807 1574 καὶ
824 1514 880 1574 α’πδ
898 1513 997 1573 τούτου

200 1602 414 1671 ξεινοδοκέοντος
427 1602 533 1666 πάντας
547 1603 716 1681 α’νθροίπους·
737 1603 784 1662 καὶ
793 1602 907 1664 Ἠλεῖος
918 1600 997 1660 'Ovo-

199 1691 309 1765 μαστός
320 1691 445 1772 Ἀγαίου·
468 1689 544 1750 οὗτοι
562 1693 613 1768 μὲν
626 1690 660 1766 δὴ
674 1690 705 1760 ἐξ
717 1689 802 1764 αὐτῆς
815 1685 995 1762 Πελοποννή-

200 1801 254 1836 σου
273 1777 369 1853 ἦλθον.
412 1783 442 1836 ἐκ
467 1777 497 1836 δὲ
516 1776 655 1852 Ἀθηνέων
677 1777 809 1836 άπίκοντο
831 1774 998 1855 Μεγακλέης

199 1889 231 1924 τε
243 1865 259 1923 ὁ
271 1863 578 1940 Ἀλκμαίωνοςτούτου
596 1867 646 1921 τοῦ
667 1863 743 1937 παραὶ
757 1866 883 1936 Κροῖσον
901 1860 998 1920 ἀπικο-

200 1952 293 2025 μένου,
312 1951 358 2007 καὶ
378 1949 467 2010 ἄλλος
487 1947 683 2022 Ἱπποκλείδης
704 1946 867 2022 Τισάνδρου,
886 1946 998 2026 πλούτῳ

202 2037 248 2094 καὶ
269 2035 333 2092 εἴδεϊ
353 2035 501 2110 προφέρων
522 2033 683 2108 Ἀθηναίων.
725 2031 781 2091 α’πδ
803 2033 832 2090 δὲ
847 2031 997 2108 Ἐρετρίης,

202 2121 338 2196 ἀνθεύσης
358 2124 457 2181 τοῦτον
479 2119 530 2180 τόν
552 2120 662 2199 χρόνον,
686 2120 836 2195 Λυσανίης·
864 2115 944 2180 οὗτος
969 2119 998 2178 δὲ

202 2207 249 2268 ἀπ’
270 2207 396 2285 Εὐβοίης
415 2211 537 2286 μοῦνος·
567 2213 598 2267 ἐκ
619 2207 648 2267 δὲ
669 2207 832 2292 Θεσσαλίης
851 2206 923 2282 ἦλθε
943 2210 999 2266 τῶν

202 2297 366 2360 Σκοπαδέων
389 2296 571 2372 Διακτορίδης
590 2295 757 2374 Κρανύνιος·
779 2299 809 2354 ἐκ
829 2295 859 2354 δὲ
880 2298 998 2354 Μολοσ-

201 2389 260 2446 σῶν
274 2384 397 2445 Ἀλκων·
417 2389 549 2446 τοσοῦτοι
570 2387 622 2462 μὲν
644 2384 770 2466 ἐγένοντο
787 2386 813 2443 οἱ
830 2387 998 2461 μνηστῆρες.

200 2471 388 2550 Ἀπικομένων
407 2473 436 2532 δὲ
454 2471 557 2533 τούτων
574 2477 601 2535 ές
616 2472 667 2548 τὴν
688 2472 888 2550 προειρημένην
909 2470 974 2548 ἤμέ-
989 2475 1046 2530 12¹8

200 2585 260 2636 ρην,
274 2560 290 2620 ό
304 2561 480 2636 Κλεισθένης
496 2565 593 2638 πρῶτα
608 2562 660 2637 μὲν
673 2559 723 2622 τάς
735 2559 842 2637 πάτρας
860 2584 892 2620 τε
910 2558 999 2620 αὐτῶν

201 2647 352 2708 ἀνεπύθετο
374 2649 419 2706 καὶ
433 2647 514 2728 γένος
527 2645 655 2707 ἑκάστου·
676 2647 747 2724 μετά
761 2648 798 2717 δὲ,
813 2647 935 2726 κατέχων
949 2651 999 2707 ἔνι-

201 2735 285 2793 αυτδν
301 2735 457 2812 διεπειρᾶτο
477 2732 565 2794 αύτῶν
581 2738 632 2810 τῆς
643 2760 675 2794 τε
687 2734 871 2816 ἀνδραγαθίης
889 2735 1001 2810 καὶτῆς

201 2819 295 2900 ὀργῆς,
310 2823 356 2880 καὶ
369 2821 531 2885 παιδεύσιός
542 2847 573 2880 τε
587 2821 632 2880 καὶ
645 2821 759 2899 τρόπου·
780 2823 826 2881 καὶ
838 2822 878 2882 ἑνὶ
892 2819 999 2900 ἑκάστῳ

203 2908 250 2966 ϊαϊν
263 2913 290 2970 ἐς
303 2911 455 2984 συνουσίην
472 2908 518 2967 καὶ
536 2909 689 2980 συνάπασι,
704 2910 750 2968 καὶ
766 2915 793 2972 ἐς
811 2907 954 2989 γυμνάσιά
968 2933 1000 2967 τε

202 2995 346 3075 ε’ξαγινέων
360 2995 424 3056 ὅσοι
436 2995 511 3071 ἦσαν
525 2996 615 3056 αύτῶν
628 2997 763 3074 νεύτεροι,
778 2998 832 3066 καὶ,
846 2995 880 3056 τό
899 3019 932 3076 γε
952 2996 999 3070 μέ-

201 3108 307 3164 γιστον,
320 3087 349 3142 έν
361 3087 396 3162 τῇ
411 3085 544 3162 συνεστίῃ
558 3083 723 3160 διεπειρᾶτο·
738 3083 807 3142 ὅσον
820 3082 874 3161 γάρ
890 3084 999 3159 κατεῖχε

201 3170 303 3250 χρόνον
317 3169 423 3240 αύτούς,
437 3173 537 3230 τοῦτον
550 3170 642 3231 πάντα
656 3171 745 3230 ε’ποίεε
759 3169 805 3228 καὶ
817 3167 876 3243 ἅμα
889 3166 999 3238 ἐξείνιζε

201 3258 441 3340 μεγαλοπρεπέως.
485 3256 531 3316 καὶ
547 3256 582 3333 δή
602 3282 652 3316 κου
668 3257 796 3334 μάλιστα
807 3257 863 3315 τῶν
874 3253 999 3331 μνηστή-
