2294 3430
202 57 343 122 ιιι-ιιι]
532 55 718 106 nomm.
955 56 1001 110 ιω

202 136 238 201 ὦς
259 143 288 199 ἐν
307 142 346 217 τῷ
366 138 478 216 ἐνιαυτῷ
497 137 560 197 ἐστὶ
578 135 611 196 τά
633 137 681 213 ἐαρ
697 132 892 210 δοκιμώτατον,
905 137 956 211 τῆς
972 135 1003 194 δὲ

201 229 257 285 τῦν
273 225 417 301 Ἑλλήνων
435 227 568 302 στρατιῆς
586 222 638 300 τὴν
656 225 756 308 ἑωυτοῦ
775 220 918 298 στρατιήν·
940 247 1002 282 στε-

201 314 370 390 ρισκομένην
387 311 425 373 ὧν
439 311 491 388 τὴν
510 311 637 371 Ἑλλάδα
657 314 707 386 πῖς
725 313 825 370 ἐωυτοῦ
842 314 1003 390 συμμαχίης

203 400 300 472 εἴκαζε,
312 400 346 464 ὦς
357 404 381 460 εί
390 399 423 460 τά
434 400 481 476 ἔαρ
493 404 523 458 ἐκ
532 403 582 458 τοῦ
593 401 717 459 ἐνιαυτοῦ
727 398 941 476 ἐξαραιρημένον
951 399 1001 475 ε’ίη.

244 492 281 548 Ol
301 490 353 566 μὲν
374 487 408 564 δη
429 491 484 548 τῶν
503 486 648 564 Ἑλλήνων
670 485 787 569 άγχελοι
803 489 928 546 τοσαῦτα
945 488 1049 565 τῷ163

202 576 308 637 Γέλωνι
327 575 569 655 χρηματισάμενοι
589 574 740 634 ἀπέπλεον·
766 575 862 634 Γέλων
883 575 913 634 δὲ
932 573 1002 652 πρδς

202 667 298 734 ταῦτα,
313 663 408 726 δείσας
420 665 471 740 μὲν
484 661 547 739 περὶ
559 667 636 722 τοῖσι
651 661 779 739 Ἕλλησι
792 662 833 740 μὴ
847 662 878 722 οῦ
892 663 1002 723 δονέων

202 775 249 810 ται
265 749 315 811 τάν
332 749 483 828 βάρβαρον
499 749 722 826 ῦπερβαλέσθαι,
736 751 824 810 δεινὰν
838 751 867 810 δέ
885 751 932 810 καὶ
952 749 1001 811 οῦκ

203 836 359 918 άνασχετδν
390 837 578 914 ποιησάμενος
608 837 696 897 ἐλθών
726 842 753 900 ἐς
782 837 1003 914 Πελοπόννησον

203 923 341 1006 άρχεσθαι
353 924 409 985 ῦπό
422 923 645 1000 Λακεδαιμονίων
659 924 709 985 ἐοδν
723 925 851 1000 Σικελίης
863 924 1001 1002 τίραννος,

202 1012 304 1090 ταύτην
324 1015 376 1091 μέν
395 1011 447 1088 τήν
467 1010 531 1072 άδάν
551 1009 687 1088 η’μέλησε,
704 1009 770 1072 άδέ
792 1010 881 1088 άλλης
902 1013 1002 1091 εἴχετο·

203 1100 265 1159 ἐπεί
279 1127 310 1161 τε
324 1100 379 1182 γάρ
395 1099 518 1180 τάχιστα
537 1097 700 1159 ἐπίθετο
668 1125 717 1160 τον
735 1100 852 1178 Πέρσην
867 1100 1002 1177 διαβεβη-

203 1186 271 1247 κότα
298 1189 348 1250 τάν
376 1187 599 1298 Ἑλλησποντον,
630 1187 734 1264 πέμπει
762 1188 1003 1276 πεντηκοντέροισι

201 1301 279 1353 τρισι
269 1275 455 1355 Κάδμον
422 1300 472 1346 τον
485 1274 604 1345 Σκύθεω,
618 1274 703 1354 ἄνδρα
716 1278 807 1355 Κῷον,
821 1280 849 1340 ἐς
862 1269 1002 1351 Δελφοῦς,

203 1364 302 1442 ἔχοντα
320 1390 452 1444 χρηματα
471 1363 569 1423 πολλα
590 1390 636 1423 και
626 1364 768 1439 φιλίους
788 1363 899 1445 λόγους,
920 1388 1003 1474 κμρα·

202 1450 419 1536 δοκησοντα
384 1477 436 1528 την
458 1451 552 1560 μάχην
575 1449 594 1530 ᾗ
616 1454 756 1513 πεσέεται·
787 1452 833 1511 καὶ
854 1449 889 1528 ἢν
911 1451 963 1528 μέν
989 1465 1007 1524 ὁ

201 1525 351 1618 βάρβαρος
376 1544 447 1620 νικᾷ,
467 1539 503 1600 τά
525 1565 556 1599 τε
577 1539 710 1651 χρήματα
732 1539 805 1620 αὐτῷ
826 1538 930 1600 διδόναι
956 1539 1003 1598 καὶ

201 1629 256 1705 γῆν
281 1653 313 1688 τε
339 1628 386 1688 καὶ
412 1628 483 1707 ὕδωρ
509 1631 564 1689 τῶν
586 1626 666 1709 άρχει
691 1627 708 1690 ά
734 1625 883 1689 Γέλων·
865 1653 900 1703 ην
922 1625 1002 1686 δὲ
976 1647 1035 1701 οι

197 1707 374 1793 Ελληνες,’
357 1716 450 1776 οπίσω
462 1715 590 1796 άπάγειν.

241 1801 276 1862 Ο
303 1803 333 1862 δὲ
360 1801 530 1913 Κάδμρς*
499 1829 587 1872 ουτος,
609 1802 746 1911 πρότερον
767 1804 870 1864 τούτων
893 1825 981 1880 παρα
969 1803 1049 1860 ·l64

101 1919 105 1928 ·
203 1887 350 1966 δεξάμενος
374 1890 452 1966 παρὰ
479 1889 584 1966 πατρδς
608 1889 661 1964 τήν
686 1891 832 1966 τυραννίδα
859 1889 946 1968 Κηίων
972 1887 1002 1948 εὖ

202 1975 370 2050 βεβηκυῖαν,
380 1975 574 2084 &xQQt
586 2000 632 2034 και
621 1975 759 2034 δεινοῦ’
747 1975 871 2038 επιάντος
885 1949 1002 2045 άῦδενδς,

204 2058 319 2168 ἄλλο’
301 2087 356 2170 απρ
348 2060 595 2137 δικαωσάνηςᾙ
582 2086 609 2124 ες
627 2061 718 2137 μέσον
741 2062 849 2142 Κῴοισι
876 2062 1003 2124 καταθεὶς

144 2219 146 2226 Ι
203 2145 255 2224 τὴν
274 2147 371 2229 οἷρχην,
393 2148 486 2260 οίχετρ
508 2153 535 2212 ἐς
557 2149 696 2226 Σικελίην·
718 2121 785 2212 ένθά
800 2175 871 2226 μετα
861 2147 1003 2224 Σαμίων

204 2235 314 2316 ἔσχετε
330 2237 376 2296 καὶ
396 2236 546 2312 κατοίκησε
565 2235 651 2297 πόλιν
671 2235 850 2318 Ζάγκλην
815 2261 867 2313 την
883 2241 910 2300 ἐς
923 2241 1001 2297 Μεσ-

203 2323 293 2401 σήνην
304 2325 526 2402 μεταβαλοῦσαν
538 2324 572 2386 τά
586 2323 722 2402 οῦνομαῗ

242 2416 348 2474 Τοῦτον
367 2413 402 2490 δὴ
422 2412 459 2474 ὧν
479 2413 495 2473 ά
515 2415 612 2474 Γέλων
630 2413 680 2473 τὸν
696 2413 813 2490 Κάδμον
829 2414 874 2473 καὶ
887 2413 1002 2493 τοιούτῳ

201 2499 295 2581 τρόπῳ
320 2500 496 2580 ἀπικόμενον,
518 2501 564 2561 διά
589 2501 765 2578 δικαιοσύνην
790 2500 841 2578 τήν
867 2504 894 2562 οἱ
921 2499 1003 2565 αὐτάς

202 2585 295 2664 ἄλλην
308 2589 423 2667 συνῄδεε
435 2593 545 2659 ἐοῦσαν,
559 2589 674 2666 ἔπεμπε·
695 2588 726 2654 ὃς
739 2589 784 2649 ἐπὶ
796 2593 872 2650 τοῖσι
885 2588 1003 2650 ἄλλοισι

203 2674 335 2738 δικαίοισι
346 2681 423 2736 τοῖσι
440 2677 471 2746 ἐξ
483 2681 583 2738 ἐαυτοῦ
598 2678 804 2759 ἐργασμένοισι
818 2678 865 2737 καὶ
876 2677 940 2738 τάδε
953 2675 1003 2755 οῦκ

204 2759 356 2840 ἐλάχιστον
371 2763 474 2824 τοίπων
492 2765 627 2825 ἐλείπετο·
649 2765 790 2842 κρατήσας
802 2764 858 2847 γάρ
871 2763 1003 2846 μεγάλων

202 2847 353 2928 χρημάτων
371 2853 427 2910 τῶν
447 2854 475 2910 οἱ
494 2851 589 2912 Γέλων
609 2852 787 2929 ἐπετράπετο,
799 2852 905 2930 παρεάν
920 2877 1002 2911 κατα-

203 2935 336 3016 σχέσθαι,
357 2935 406 2997 οῦκ
427 2938 555 3014 ἐθέλησε,
576 2938 641 2999 ἀλλ’
662 2940 722 2999 ἐπεὶ
742 2943 769 2999 οἶ
783 2939 922 3014 Ἕλληνες
942 2943 1000 2997 ἐπε·

203 3023 346 3100 κράτησαν
371 3029 407 3104 τῇ
433 3026 580 3106 ναυμαχίῃ,
605 3027 651 3085 καὶ
673 3027 778 3104 Ξέρξης
801 3025 913 3104 οἰχώκεε
936 3023 1001 3085 άπε·

202 3111 319 3183 λαῦνων,
333 3113 379 3173 καὶ
394 3111 428 3190 δη
447 3112 493 3172 καὶ
509 3117 610 3177 ἐκεῖνος
626 3113 740 3174 άπίκετο
759 3117 786 3176 ἐς
801 3112 853 3188 τὴν
872 3112 1001 3190 Σικελίην

202 3199 259 3263 α’πδ
271 3199 367 3264 πάντα
375 3199 412 3264 τά
424 3200 556 3282 χρήματα
568 3200 653 3276 ἄγων.
