2240 3424
166 103 214 152 ιιι
470 102 651 153 Ἧυοιουοι·
901 101 965 166 [IX.

167 180 246 240 παιδὶ
265 184 304 260 τῷ
328 185 428 242 ἐωυτοΰ
455 179 573 261 Δαρείῳ,
601 173 739 262 θυγατέρα
763 184 814 257 τῆς
837 181 969 262 γυναικός

164 267 265 344 ταύτης
286 268 331 326 καί
351 269 515 341 Μασίστεω,
538 269 639 329 δοκέων
659 268 745 345 αότήν
761 271 875 345 μᾶλλον
894 268 968 346 λάμ·

165 356 270 432 ψεσθαι
285 353 319 431 ἢν
336 359 425 415 ταῦτα
444 355 560 434 ποιήσῃ,
575 354 704 433 οἰρμόσας
724 355 754 415 δέ
774 357 820 414 καί
839 355 875 416 τοί
891 381 968 433 νομι-

165 441 267 519 ζόμενα
286 441 408 518 ποιήσας
425 441 569 518 ἀπήλαυνε
587 448 614 506 ἐς
631 444 737 507 Σοῦσα.
780 443 840 502 ἐπεὶ
860 443 890 502 δὲ
911 447 970 504 ἐκεῖ

165 555 196 588 τε
209 528 323 588 ἀπίκετο
337 530 384 588 καὶ
396 528 518 610 ήγόγετο
532 535 559 593 ἐς
572 533 673 590 ἑωυτοῦ
686 530 794 608 Δαρείῳ
806 529 859 605 τήν
871 535 968 611 γυναῖ-

68 681 70 685 y
165 641 209 684 κα,
224 614 293 675 οἰπω
309 615 343 692 δή
362 620 413 692 τῆς
430 618 587 676 Μασίστεω
604 617 657 692 μέν
673 616 804 696 γυναικός
818 617 966 694 ἐπέπαυτο,

164 701 181 762 ό
194 702 224 762 δέ
237 701 452 781 διαμειψάμενος
464 703 520 780 ἤρα
531 729 563 764 τε
576 702 621 762 καί
635 703 768 784 ἐτύγχανε
781 708 832 778 τῆς
845 705 968 781 Δαρείου

164 791 215 865 μὲν
229 790 358 870 γυναικός
373 791 529 850 Μασίστεω
547 790 577 850 δὲ
595 789 741 871 θυγατρός·
753 789 868 867 ,οὔνομα
880 791 911 850 δὲ
929 797 967 872 τῇ

119 877 175 936 109
185 877 294 956 γυναικὶ
305 877 392 956 ταύτῃ
401 875 436 954 ἦν
448 875 611 955 Ἀρταΰντη.
645 876 755 960 Χρόνου
768 876 798 936 δὲ
810 877 966 954 προίόντος,

148 963 313 1051 ,ἀνάπυστα
334 966 439 1045 γίνεται
458 963 552 1043 τρόπῳ
570 963 674 1043 τοιῷδε·
700 962 862 1042 ἐξυφήνασα
874 963 966 1042 *Αμη-

165 1077 253 1128 στρις,
271 1051 290 1128 ή
305 1053 413 1128 Ξέρξεω
429 1051 507 1132 γυνή,
526 1055 617 1128 φᾶρος
633 1051 707 1132 μέγα
723 1076 754 1110 τε
770 1051 816 1109 καί
833 1052 965 1114 ποικίλον

166 1139 212 1197 καί
226 1139 290 1215 θέης
303 1137 388 1208 ἄξιον,
403 1138 474 1198 διδοῖ
485 1139 586 1218 Ξέρξη·
610 1138 626 1198 ό
640 1138 670 1197 δὲ
681 1137 779 1214 ήσθείς
792 1138 964 1215 περιβάλλε-

165 1226 214 1284 ταί
231 1225 321 1286 τεκαὶ
339 1226 448 1304 ἔρχεται
460 1225 536 1302 παριί
549 1225 601 1302 τήν
617 1223 796 1302 Ἀρταΰντην·
816 1224 915 1302 ήσθείς
934 1227 965 1286 δὲ

165 1313 212 1372 καὶ
224 1311 319 1391 ταίπη,
334 1313 464 1372 ἐκέλευσε
483 1311 569 1388 αὐτήν
587 1311 730 1387 αἰτῆσωὸ
747 1337 775 1371 τι
788 1312 927 1388 βούλεταί
937 1317 964 1373 οἰ

164 1399 297 1480 γενέσθαι
317 1398 378 1459 α’ντί
393 1403 449 1460 ’ταῖν
467 1399 540 1478 αὐτῷ
557 1398 779 1480 ὖπουργημένων·
792 1398 891 1460 ’πάντα
907 1401 964 1481 γιίρ

165 1485 317 1555 τεύξεσθαι
325 1485 493 1561 αἰτήσασαν·
512 1486 589 1565 τῇδὲ
602 1491 690 1549 κακῶς
701 1483 756 1565 γὰρ
767 1485 823 1545 ἔδεε
835 1488 964 1566 πανοικίῃ

164 1572 304 1652 γενέσθαι,
316 1571 386 1648 πρός
398 1576 486 1632 ταῦτα
499 1572 558 1632 εἰπε
570 1573 671 1651 Ξέρξη·
688 1581 706 1608 “
714 1571 812 1635 δαίσεις
824 1597 873 1650 μοι
885 1572 918 1632 τό
928 1573 964 1635 ἅν

165 1682 201 1718 σε
213 1656 319 1733 αἰτήσω
328 1657 352 1726 ;’'
368 1657 385 1718 ό
396 1658 425 1716 δὲ
435 1663 491 1718 πᾶν
501 1662 614 1735 μᾶλλον
627 1659 727 1718 δοκέων
740 1659 830 1734 κείνην
840 1662 962 1733 αἰτήσαι,

164 1743 331 1822 ιίπισχνέετο
346 1745 392 1824 καὶ
406 1743 509 1822 ὤμοσε·
529 1743 599 1820 ήδὲ,
616 1745 651 1808 οἷς
665 1743 766 1821 ὤμοσε,
781 1743 866 1808 εἰδεῶς
878 1747 963 1806 αἰτέει

164 1831 197 1892 τδ
208 1835 308 1908 φᾶρος·
328 1830 435 1908 Ξέρξης
445 1831 474 1890 δὲ
484 1835 614 1895 παντοῖος
623 1834 734 1912 ἐγίνετο,
746 1829 778 1890 οὔ
788 1831 963 1908 βουλόμενος

165 1912 269 1981 δοιίναι·
291 1918 349 1978 κατ’
368 1916 442 1980 ἄλλο
458 1921 510 1997 μὲν
528 1917 614 1997 ου’δέν,
633 1919 810 1996 φοβεόμενος
828 1919 858 1978 δὲ
872 1918 962 1996 Ἀμη-

165 2033 254 2086 στριν,
271 2006 312 2084 μή
329 2008 375 2066 καί
392 2005 675 2085 πρίνκατεικαζοίσῃ
692 2005 728 2066 τοὶ
743 2005 875 2086 γινόμενα
891 2005 964 2068 οὕτω

165 2096 299 2174 ἐπευρεθῇ
332 2095 479 2171 πρήσσων·
520 2093 598 2153 α’λλιί
625 2093 709 2156 πόλις
740 2118 771 2152 τε
802 2093 892 2153 ἐδίδου
917 2093 963 2154 καί

163 2181 272 2262 χρυσόν
297 2180 428 2252 ἄπλετον,
453 2181 498 2241 καί
524 2179 648 2258 στρατόν
672 2183 722 2242 τοῦ
749 2180 850 2256 έμελλε
876 2179 964 2248 οὐδεὶς

165 2268 258 2346 ἄρξειν
270 2266 367 2344 ἀλλ’ἢ
386 2270 484 2344 ἐκείνη·
505 2265 648 2344 Περσικόν
665 2267 695 2326 δέ
712 2265 800 2344 κάρτα
813 2266 830 2326 ό
843 2268 963 2344 στρατός

165 2356 261 2432 δῶρον·
290 2354 356 2414 ἀλλ’
377 2355 410 2415 οὗ
427 2355 482 2436 γὰρ
504 2356 603 2424 ἔπειθε,
626 2354 698 2414 διδοῖ
716 2353 750 2414 τό
771 2357 871 2433 φᾶρος·
891 2354 911 2432 ἦ
932 2356 963 2418 δὲ

164 2441 317 2520 περιχαρής
330 2445 417 2502 εὀὓσιι
434 2441 569 2522 τῷυδιίρῳ,
584 2441 684 2519 ἐφόρεέ
701 2466 732 2501 τε
748 2441 794 2500 καί
809 2440 964 2522 ήγόλλετο·

119 2528 232 2604 11οκαἰ
254 2527 273 2604 ή
294 2526 453 2606 Ἄμηστρις
471 2528 640 2590 πυνθάνεταί
660 2553 708 2604 μιν
729 2529 858 2608 ἔχουσαν.
900 2533 963 2588 Μα-

146 2691 148 2696 Ι
166 2617 258 2677 θοΰσα
275 2615 305 2674 δὲ
326 2615 359 2676 τδ
376 2616 546 2693 ποιεόμενον,
563 2619 600 2695 τῇ
616 2618 668 2693 μὲν
684 2615 793 2697 γυναικὶ
809 2614 896 2694 ταότη
913 2616 963 2677 οῦκ

165 2703 223 2782 εἰχε
244 2704 367 2785 ἔγκοτον·
400 2702 420 2779 ή
443 2703 473 2762 δὲ
497 2703 651 2774 ἐλπίζουσα
677 2701 730 2778 τήν
750 2702 857 2779 μητέρα
878 2701 964 2778 αὐτῆς

166 2790 235 2851 εἰναι
252 2790 342 2866 αἰτίην
357 2790 403 2850 καὶ
419 2793 507 2850 ταῦτα
524 2791 629 2866 ἐκείνην
648 2788 796 2867 πρήσσειν,
812 2815 848 2867 τη
868 2791 963 2852 Μασί-

165 2901 238 2936 στεω
258 2877 367 2957 γυναικὶ
387 2877 521 2953 ἐβούλευε
540 2875 667 2952 ὄλεθρον·
692 2874 845 2951 φυλάξασα
865 2875 895 2935 δί
914 2875 964 2936 τόν

165 2961 252 3038 ἄνδρα
269 2962 319 3024 τόν
335 2966 434 3037 ἑωυτῆς
452 2962 560 3038 Ξέρξην
576 2961 733 3037 βασιλήϊον
745 2961 856 3022 δεῖπνον
868 2987 962 3040 προτι-

167 3048 291 3124 θέμενον·
310 3053 393 3110 τοῦτο
411 3048 441 3106 δέ
456 3047 489 3108 τιί
509 3047 619 3107 δεῖπνον
635 3047 874 3123 παρασκευάζεται
887 3047 964 3118 ἅπαξ

166 3137 216 3192 τοῦ
230 3138 362 3203 ἐνιαυτοῦ,
377 3139 406 3194 ἐν
415 3133 505 3210 ἡμέρη
515 3136 551 3210 τῇ
565 3133 673 3213 ἐγένετο
682 3132 830 3209 βασιλεύς·
857 3133 961 3210 οὕνομα

167 3219 196 3278 δί
213 3224 252 3296 τῷ
272 3221 371 3299 δείπνῳ
391 3219 480 3298 τούτῳ
500 3220 641 3295 Περσιστὶ
660 3222 713 3294 μὲν
734 3225 869 3289 MTA,
890 3222 960 3282 κατί
