2294 3430
180 92 320 156 177-133]
483 91 668 141 ΠΟΔΤΜΝῙΑ.
932 90 979 138 195

180 173 238 235 νέες
252 173 327 249 τρεῖς
338 168 509 246 Ἑλληνίδες,
524 169 672 247 Τροιζηνίη
684 193 716 229 τε
733 168 779 228 καὶ
792 168 921 249 Αἰγιναίη
934 168 980 226 καὶ

178 257 303 334 Ἀττική·
323 257 484 336 προϊδόντες
502 257 532 316 δὲ
550 254 627 316 οὗτοι
644 255 696 318 τάς
715 255 778 318 νέας
796 259 852 314 τῶν
867 253 979 332 βαρβά·

178 373 241 422 ρων,
261 351 288 408 ἐς
306 344 400 425 φνγὴν
419 343 561 422 ὥρμησαν·
589 342 647 419 Τὴν
664 345 716 420 μὲν
733 343 767 418 δὴ
786 342 956 420 Τροιζηνίην,
970 345 1027 400 180

177 437 229 508 τῆς
240 432 310 512 ἦρχε
326 431 476 508 Πρηξῖνος,
492 430 590 491 αὐτίκα
609 431 735 508 αἱρέουσι
752 430 936 506 ἐπισπόμενοι
953 433 981 490 οἱ

178 519 334 597 βάρβαροι·
369 519 416 578 καὶ
442 519 537 578 ἔπειτα
562 523 618 578 τῶν
645 517 800 593 ἐπιβατέων
823 515 908 593 αύτῆς
930 517 980 578 τδν

180 606 402 666 καλλιστεύοντα
419 604 570 686 ἀγαγόντες
588 605 634 664 ἐπὶ
652 608 703 680 τῆς
717 604 829 682 πρύρης
845 609 895 681 τῆς
916 604 980 681 νηδς

179 693 313 770 ἔσφαξαν,
330 692 466 762 διαδέξιον
478 691 637 768 ποιεύμενοι
654 692 703 752 τόν
717 693 795 753 εἶλον
808 697 863 753 τῶν
875 691 979 769 Ἑλλή-

179 805 232 840 νων
251 784 362 857 πρῶτον
385 781 431 839 καὶ
457 779 623 840 κάλλιστον·
663 779 751 857 τεῇ-δὲ
770 781 979 860 σφαγιασθέντι

177 867 267 947 τούτῳ
281 866 387 944 οὕνομα
399 866 434 944 ἦν
447 867 534 927 Λέων·
554 866 629 945 τάχα
642 865 664 925 δ
679 865 713 925 ἄν
729 891 758 925 τι
777 866 822 924 καὶ
834 871 885 925 τοῦ
902 865 978 926 ούνό-

178 980 265 1030 ματος
279 954 435 1033 ἐπαύροιτο·
468 952 506 1012 Ἡ
522 953 552 1014 δὲ
566 954 703 1034 Αἰγιναίη,
717 956 768 1028 τῆς
781 952 957 1036 ἐτριηράρχεε
967 955 1022 1012 181

177 1042 337 1120 Ἀσωνίδης,
356 1043 404 1102 καί
421 1041 483 1102 τινά
503 1037 559 1118 σφι
580 1041 703 1119 θόρυβον
722 1039 855 1118 παρέσχε,
878 1041 978 1100 Πυθέω

177 1133 228 1189 τοῦ
248 1129 393 1209 Ἰσχενόου
417 1128 631 1206 ἐπιβατεύοντος
647 1127 745 1204 άνδρδς
762 1126 879 1204 άρίστου
899 1153 977 1208 γενο-

177 1217 262 1293 μένου
274 1217 377 1293 ταύτην
389 1217 441 1293 τὴν
450 1216 566 1294 ἡμέρην·
580 1216 611 1280 ὃς
621 1215 715 1292 ἐπειδὴ
725 1215 744 1291 ἡ
754 1219 820 1278 ναῦς
829 1214 975 1291 ἡλίσκετο,

179 1308 207 1367 ἐς
226 1309 309 1364 τοῦτο
330 1305 439 1384 άντεῐχε
459 1305 625 1384 μαχόμενος,
649 1309 676 1367 ἐς
700 1303 715 1364 δ
739 1303 977 1384 κατεκρεουργήθη

179 1389 260 1454 ἅπας·
281 1391 316 1456 ὥς
329 1392 358 1450 δὲ
371 1392 466 1452 πεσεδν
479 1391 529 1452 ούκ
543 1391 664 1452 α’πέθαυε
681 1390 747 1450 ἄλλ’
761 1390 795 1466 ἦν
809 1391 934 1468 ἔμπνοος,
949 1395 976 1450 οῖ

166 1479 299 1556 ’Πέρσαι
316 1479 395 1556 οἵπερ
415 1479 584 1556 ἐπεβάτευον
600 1480 646 1540 ἐπὶ
663 1483 719 1539 τῶν
734 1483 809 1549 νεῶν,
829 1477 862 1537 δι’
876 1477 977 1556 άρεπὴν

177 1566 230 1642 τὴν
249 1568 352 1628 ἐκείνου
372 1568 558 1644 περιποιῆσαί
574 1593 623 1644 μιν
643 1567 706 1643 περὶ
726 1567 863 1625 πλείστου
883 1566 976 1642 ἐποιή-

177 1679 273 1725 σαντο,
295 1655 440 1735 σμύρνῃσί
453 1681 484 1715 τε
505 1654 613 1731 ἶοίμενοι
630 1653 666 1714 τά
685 1654 767 1714 ἐλκεα
788 1653 833 1712 καὶ
850 1653 977 1717 σινδόνος

176 1742 318 1819 βυσσίνης
343 1747 490 1821 τελαμῶσι
517 1743 751 1804 κατειλίσσοντες·
787 1742 835 1800 καί
858 1766 915 1818 μιν,
940 1741 976 1806 ὦς

177 1827 269 1888 όπίσω
289 1830 422 1889 ἀπίκοντο
438 1835 465 1892 ἐς
484 1829 517 1889 τδ
536 1832 641 1888 ἐωυτύῖν
657 1827 855 1905 στρατόπεδον,
875 1829 976 1889 ἐπεδεί-

178 1939 283 1975 κνυσαν
316 1915 536 1995 ἐκπαγλεόμενοι
565 1915 645 1993 πάσῃ
670 1919 706 1994 τὴ
732 1919 859 1994 στρατιῇ,
886 1918 975 1994 περιέ-

178 2025 277 2064 ποντες
296 2008 336 2061 εὖ·
356 2001 421 2063 τούς
440 2001 470 2060 δὲ
490 1999 596 2064 ἄλλους
615 2002 679 2065 τούς
699 2003 806 2079 ἐλαβον
826 2008 855 2064 ἐν
874 2006 910 2082 τὴ
931 2005 976 2080 νηῒ

177 2087 265 2166 ταύτῃ
278 2090 420 2165 περιεῖπον
431 2087 466 2150 ιύς
479 2086 646 2164 ἀνδράποδα.
682 2092 719 2147 Αἱ
730 2093 782 2165 μέν
795 2089 888 2166 δὴδύο
901 2094 955 2150 τῶν
965 2094 1021 2150 182

178 2177 246 2234 νεῶν
258 2173 329 2234 οὕτω
343 2173 541 2253 ἐχειρώθησαν·
560 2173 580 2251 ἡ
593 2175 623 2233 δέ
635 2174 721 2251 τρίτη,
734 2180 784 2252 τῆς
798 2178 975 2257 ἐτριηράρχεε

178 2258 296 2338 Φόρμος,
313 2260 383 2339 α’νὴρ
396 2260 550 2338 Ἀθηναῖος,
564 2260 712 2341 ,φεύγουσα
728 2263 871 2331 ἐξοκέλλει
886 2269 913 2328 ἐς
925 2265 975 2330 τάς

177 2349 303 2426 ἐσβολάς
315 2353 366 2410 τοῦ
380 2351 512 2426 Πηνειοῦ·
534 2349 642 2408 καὶτοῦ
654 2352 705 2425 μὲν
721 2350 846 2425 σκάφεος
862 2352 974 2430 ἐκράτη-

176 2461 232 2496 σαν
250 2441 277 2497 οἱ
294 2437 441 2516 βάρβαροι
453 2442 509 2498 τῶν
529 2437 558 2496 δέ
571 2436 678 2514 ἀνδρῶν
691 2436 733 2496 ού·
755 2436 791 2500 αἶς
805 2439 860 2518 γάρ
874 2440 908 2516 δὴ
927 2440 974 2501 τά·

174 2547 263 2601 χιστα
276 2526 428 2586 ἐπώκειλαν
443 2525 495 2602 τὴν
508 2526 557 2586 νέα
573 2527 600 2584 οἶ
613 2523 763 2600 Ἀθηναῖοι,
779 2524 971 2604 α’ποθορόντες,

176 2609 246 2669 κατά
264 2614 428 2688 Θεσσαλίην
445 2611 626 2690 πορευόμενοι
642 2613 835 2689 ἐκομίσθησαν
852 2619 880 2676 ἐς
891 2615 973 2692 Ἀθὴ·

175 2720 233 2758 νας.
273 2702 361 2758 ταῦτα
375 2703 402 2758 οἱ
414 2701 554 2778 Ἕλληνες
568 2704 595 2760 οἱ
613 2699 655 2760 ἐπ’
668 2700 836 2780 Ἀρτεμισίῳ
854 2727 972 2778 στρατο-

173 2782 350 2860 πεδευόμενοι
364 2788 549 2848 πυνθάνονται
565 2787 642 2864 παρά
662 2791 778 2865 πυρσῶν
796 2792 827 2847 ἐκ
841 2789 972 2853 Σκιάθου·

173 2869 324 2946 πυθόμενοι
344 2872 374 2944 δέ
392 2875 438 2932 καὶ
458 2874 727 2951 καταρρωδήσαντες,
742 2875 798 2935 άπδ
814 2881 865 2935 τοῦ
878 2875 971 2954 Ἀρτε-

95 3001 102 3016 .
172 2958 270 3033 μισίου
292 2961 495 3036 μετορμίζοντο
519 2966 546 3024 ἐς
569 2963 707 3032 Χαλκίδα,
729 2961 901 3039 φυλάξοντες
921 2967 973 3039 μὲν

172 3044 221 3104 τόν
247 3044 379 3122 Εὔριπον,
400 3047 544 3111 λείποντες
564 3048 594 3108 δέ
617 3048 830 3126 ἡμεροσκόπους
852 3050 916 3126 περὶ
935 3051 971 3108 τά

171 3131 268 3210 ύψηλιί
282 3137 333 3210 τῆς
345 3132 477 3210 Εὐβοίης.
513 3138 575 3195 Τῶν
592 3135 622 3195 δέ
637 3136 704 3195 δέκα
723 3140 791 3196 νεῶν
810 3138 865 3196 τῶν
880 3137 952 3214 βαρ-
962 3139 1019 3197 183

169 3219 267 3296 βάρων
282 3224 357 3298 τρεῖς
374 3221 519 3282 ἐπέλασαν
536 3223 601 3298 περὶ
618 3221 652 3282 τὰ
672 3223 743 3298 ἐρμα
760 3223 794 3282 ro*
807 3221 912 3298 μεταξύ
926 3223 973 3286 ἐδυ
