2294 3430
225 100 269 144 ιιι
530 97 712 145 Ἤτοιοιου
944 97 1019 162 [m

222 176 350 256 γνώμῃσι
370 175 517 253 τοιαύτῃσι
538 175 643 241 ἄλλους
665 175 848 251 συμβούλους
870 177 945 255 εἶχον
966 205 1020 238 τοιε

223 263 325 331 ούτους,
342 261 391 320 ούκ
405 261 439 321 άν
454 290 516 322 κοτε
531 263 598 324 εἶδες
612 261 682 322 αύτά
699 268 726 325 ἐς
738 269 821 324 τοῦτο
836 265 1021 340 προελθόντα·

222 357 270 410 νῦν
284 352 312 409 δὲ
328 351 465 414 κινδύνους
479 351 704 428 ἀναρριπτέοντες
719 357 745 414 ἐς
758 352 842 412 τοῦτό
859 361 936 428 σφεα
954 381 1021 430 προ·

221 439 373 519 ηγάγοντο·
400 439 513 519 μεγάλα
536 438 589 520 γάρ
615 439 767 520 πρήγματα
790 441 942 521 μεγάλοισι
967 469 1019 502 κιν-
1061 450 1063 453 ’

222 527 327 586 δύνοισι
351 528 440 586 ἐθέλει
463 529 665 604 καταιρέεσθαι·
688 527 767 604 ἡμεῖς
788 529 888 601 τοίνυν,
913 529 1019 605 ὁμοιεύ-

220 641 298 690 μενοι
320 617 441 684 κείνοισι,
458 615 529 692 ὥρην
543 643 573 675 τε
587 621 635 675 τοῦ
651 618 723 679 ἔτεος
744 618 907 692 καλλίστην,
922 645 1019 695 πορευ-

221 703 317 778 όμεθα,
340 704 385 762 καὶ
411 705 669 782 καταστρεψάμενοι
692 711 787 764 πᾶσαν
811 704 862 780 τήν
883 704 1020 781 Εύριύπην

220 791 397 869 νοστήσομεν
416 791 515 862 ὀπίσω,
531 791 594 852 ούτε
615 797 688 870 λιμῷ
709 793 867 872 ἐντυχόντες
885 792 1019 868 οὐδαμόθι

219 878 281 938 ούτε
303 879 376 939 ἄλλο
402 879 486 959 ἄχαρι
509 880 644 944 παθόντες
669 881 757 940 οὐδέν·
784 885 866 940 τοῦτο
890 883 941 958 μὲν
962 881 1017 962 γάρ

218 966 295 1026 αύτοὶ
309 968 422 1044 πολλὴν
436 968 552 1046 φορβήν
567 957 717 1046 φερόμενοι
730 968 913 1046 πορευόμεθα·
934 973 1016 1029 τοῦτο

217 1056 254 1124 δὲ,
269 1061 323 1116 τῶν
332 1056 369 1116 *av
383 1084 433 1116 κου
452 1059 608 1134 ἐπιβέωμεν
621 1062 674 1138 γῆν
688 1058 734 1116 καὶ
748 1058 832 1127 ἔθνος,
846 1056 948 1116 τούτων
967 1057 1017 1118 τόν

217 1148 297 1204 σῖτον
312 1145 418 1222 ἕξομεν·
441 1144 482 1203 ἐπ’
497 1145 634 1222 ἀροτῆρας
648 1145 677 1204 δέ
691 1146 737 1204 καὶ
751 1144 783 1204 ού
799 1145 918 1221 νομάδας
931 1173 1013 1222 στρα-

168 1232 353 1309 51τευόμεθα
375 1231 499 1310 άνδρας.”
540 1235 624 1314 Λέγει
637 1233 811 1310 Ἀρτάβανος
829 1232 899 1309 μετά
917 1239 1013 1293 ταῦτα·

216 1320 264 1379 “ὦ
280 1323 413 1396 βασιλεῦ,
430 1322 492 1379 ἐπεί
510 1347 541 1380 τε
562 1321 706 1398 ἀρρωδέειν
725 1320 803 1380 ούδέν
822 1326 868 1400 ἐᾷς
888 1327 1012 1402 πρῆγμα,

215 1407 252 1466 σι)
273 1409 304 1467 δέ
323 1434 375 1484 μευ
395 1409 575 1485 συμβουλίην
589 1409 702 1478 ἔνδεξαι·
723 1407 876 1490 ἀναγκαίως
888 1409 943 1490 γάρ
958 1411 1013 1488 έχει

214 1497 278 1572 περὶ
305 1501 421 1556 πολλῶν
447 1497 616 1578 πρηγμάτων
639 1500 746 1556 πλεῦνα
773 1495 861 1577 λόγον
887 1502 1011 1558 ἐκτεῖναι.

210 1588 308 1659 ’Κῦρος
322 1583 338 1642 ὁ
350 1584 514 1660 Καμβύσεω
527 1584 633 1661 Ἰωνίην
646 1589 750 1654 πᾶσαν,
762 1583 837 1666 πλὴν
850 1583 1011 1661 Ἀθηναίων,

215 1673 422 1750 κατεστρέψατο
446 1673 629 1750 δασμοφόρον
649 1673 717 1732 εἶναι
736 1674 877 1750 Πέρσῃσι·
899 1673 1012 1740 τούτους

215 1759 251 1819 ὦν
274 1759 338 1824 τούς
360 1761 460 1839 ἄνδρας
482 1761 668 1838 συμβουλεύω
691 1787 736 1820 τοι
756 1762 877 1839 μηδεμιῇ
898 1768 1011 1841 μηχανῇ

212 1846 289 1929 άγειν
311 1849 355 1908 ἐπὶ
376 1847 440 1912 τούς
462 1851 591 1926 πατέρας·
613 1851 658 1908 καὶ
676 1849 731 1930 γάρ
751 1847 815 1908 ἀνευ
835 1847 938 1908 τούτων
957 1850 1012 1910 οἶοί

211 1963 241 1996 τε
262 1941 336 2015 εἰμὲν
355 1943 409 1998 τῶν
430 1940 536 2017 ἐχθρῶν
557 1939 752 2014 κατυπέρτεροι
766 1937 903 2017 γίνεσθαι·
924 1935 1009 2017 ἢγόρ

211 2031 310 2102 σφεας,
324 2025 358 2103 ἢν
380 2027 503 2100 ἕπωνται,
521 2027 563 2086 δεῖ
577 2025 759 2088 ἀδικωτάτους
779 2025 906 2105 γίνεσθαι
928 2051 1008 2084 κατα-

210 2113 409 2191 δουλουμένους
429 2114 481 2190 τήν
499 2113 680 2190 μητρόπολιν,
699 2110 717 2188 ἢ
739 2111 926 2176 δικαιοτάτους
944 2139 1008 2173 συν-

210 2203 430 2278 ελευθεροῦντας.
468 2201 631 2261 ἀδικώτατοι
644 2202 696 2277 μέν
708 2226 756 2260 νυν
768 2199 915 2280 γινόμενοι,
932 2200 1009 2262 οὐδὲν

210 2289 304 2364 κέρδος
316 2291 389 2370 μέγα
402 2289 471 2365 ἡμῖν
483 2289 717 2365 προσβάλλουσι·
739 2287 907 2347 δικαιότατοι
920 2288 949 2348 δὲ
966 2317 1008 2370 γι·

209 2374 327 2452 νόμενοι,
343 2376 400 2434 οἷοί
410 2401 441 2435 τε
454 2375 634 2452 δηλήσασθαι
647 2375 776 2458 μεγάλως
789 2374 841 2450 τήν
854 2375 909 2452 σὴν
922 2403 1008 2454 στρα-

207 2461 269 2537 τιὴν
286 2465 416 2543 γίνονται.
460 2468 486 2526 ἐς
503 2463 590 2540 θυμόν
609 2463 645 2524 ὦν
663 2465 756 2540 βαλεῦ
778 2463 823 2522 καὶ
835 2462 868 2524 τό
881 2465 1005 2524 παλαιόν

208 2551 272 2612 ἐπος
286 2550 321 2613 ὦς
336 2549 364 2609 εὖ
379 2550 534 2632 εἶρηται,,τδ
548 2550 589 2627 μὴ
602 2551 660 2628 ἅμα
674 2551 748 2630 ἀρχῇ
761 2555 818 2611 πᾶν
830 2552 912 2614 τέλος
925 2579 1006 2612 κατα·

159 2639 197 2696 52
210 2637 385 2713 φαίνεσθαι.”
426 2637 589 2715 Ἀμείβεται
602 2639 671 2716 πράς
684 2643 771 2699 ταῦτα
781 2639 895 2717 Ξέρξης·
918 2649 935 2676 “
943 2639 1005 2719 Ἀρ-

205 2726 320 2803 τάβανε,
348 2732 403 2789 τῶν
430 2726 577 2808 άπεφῄναο
606 2729 735 2810 γνωμέων
762 2727 909 2804 σφάλλεαι
935 2729 1005 2790 κατά

205 2813 308 2891 ταύτην
326 2814 359 2892 δὴ
377 2816 512 2893 μάλιστα,
529 2815 560 2879 ὃς
575 2815 673 2879 Ἰωνας
693 2816 800 2892 φοβέαι
820 2814 860 2892 μὴ
880 2817 1004 2893 μεταβά-

204 2905 287 2962 λωσι·
307 2907 362 2964 τῶν
383 2905 483 2983 ἔχομεν
502 2909 599 2986 γνῶμα
614 2903 759 2986 μέγιστον,
772 2907 826 2963 τῶν
840 2903 877 2962 σύ
890 2929 920 2963 τε
933 2904 1003 2982 μάρ-

204 3017 252 3056 τυς
272 2987 361 3074 γίνεαι
382 2993 428 3051 καὶ
451 2995 477 3052 οἱ
498 2991 774 3070 συστρατευσάμενοι
791 2990 899 3070 Δαρείῳ
919 2990 1004 3052 άλλοι

204 3080 249 3138 ἐπὶ
265 3079 379 3154 Σκύθας,
397 3080 438 3140 ὅτι
453 3081 498 3139 ἐπὶ
511 3079 636 3140 τούτοισι
648 3078 667 3156 ἦ
680 3083 762 3139 πᾶσα
776 3078 904 3155 Περσική
918 3103 1003 3155 στρα-

202 3167 248 3244 τιῆ
262 3169 376 3249 ἐγένετο,
388 3169 548 3245 διαφθεῖραι
562 3169 608 3226 καὶ
621 3170 813 3244 περιποιῆσαι·
835 3167 861 3224 οἱ
875 3165 904 3223 δὲ
918 3165 1002 3226 δικαι-

204 3255 307 3334 οσύνην
330 3257 376 3316 καὶ
399 3254 556 3333 πιστότητα
580 3255 720 3324 ἐνέδωκαν,
744 3251 829 3332 ἄχαρι
856 3251 886 3310 δέ
913 3251 1001 3315 οὐδέν·
