2280 3432
174 75 222 123 244
486 73 667 122 ἨΡΟΔΟΤΟΤ
881 70 973 136 [VIII.

173 152 257 212 πεδον
274 152 308 214 τδ
326 155 382 212 τῶν
393 150 547 226 Ἑλλήνων·
570 149 640 210 οὕτω
653 150 683 209 δὲ
696 149 796 213 αύτούς
807 150 916 226 μαθεῖν,
931 139 975 212 ὄέι

173 233 207 299 τδ
224 239 350 300 ναυτικδν
368 238 401 298 τδ
420 239 527 314 Ξέρξεω
546 237 718 297 ἀπολέεσθαι
733 232 846 314 β’έλλοι.
887 243 975 318 ταῦτα

173 329 225 402 μὲν
244 330 359 389 Δικαῖος
378 325 393 384 ὅ
412 325 561 388 Θεοκύδεος
580 327 667 405 ἔλεγε,
687 324 857 402 Δημαρήτου
877 351 908 384 τε
929 328 975 386 καὶ

175 411 271 473 ἀλλων
284 413 429 490 μαρτύρων
444 413 659 490 καταπτόμενος.

126 501 164 562 66
208 504 244 560 Οί
258 501 287 559 δὲ
301 506 327 563 ἐς
343 501 393 560 τον
411 500 519 578 Ξέρξεω
537 499 663 560 ναυτικδν
680 499 802 577 στρατδν
817 502 973 580 ταχθέντες,

175 587 267 663 ἐπειδή
283 593 312 646 ἐκ
325 591 461 666 Τρηχῖνος
481 587 648 664 θεησάμενοι
666 586 699 646 πο
712 591 809 663 τρῶμα
827 587 860 646 το
878 595 974 647 Λακω-

174 674 249 736 νικον
265 675 403 750 διέβησαν
419 680 446 738 ἐς
463 674 515 750 τήν
533 674 675 750 Ἱστιαίην,
692 672 855 751 ἐπισχόντες
869 674 975 751 ἡμέρας

174 766 247 838 τρεῖς
265 763 372 821 ἔπλωον
391 761 424 821 δι’
441 761 573 840 Εὐρίπου,
589 763 635 820 καὶ
653 767 682 821 ἐν
696 761 805 838 ἑτέρῃσι
818 763 895 838 τρισὶ
908 762 974 838 ἡμέ-

174 851 241 928 ρῃσι
259 851 385 930 ἐγένοντο
402 855 430 908 ἐν
449 849 578 928 Φαλήρῳ.
601 848 636 911 ὦς
649 851 700 924 μὲν
717 849 779 924 ἐμοὶ
798 849 907 921 δοκέειν,
924 849 974 908 οὐκ

175 937 329 1000 ἐλάσσονες
347 936 435 1001 ἐόντες
453 935 571 1013 ἀριθμον
585 936 728 1011 ἐσέβαλον
742 939 770 997 ἐς
783 934 833 998 τάς
845 934 973 1010 Ἀθήνας,

175 1025 244 1084 κατά
257 1051 288 1084 τε
300 1024 414 1101 ἤπειρον
428 1025 474 1083 καὶ
486 1028 554 1102 τῇσι
567 1024 651 1099 νηυσὶ
668 1021 838 1098 ἀπικόμενοι,
852 1021 871 1098 ἦ
884 1025 932 1082 ἐπί
942 1049 974 1082 τε

175 1112 302 1187 Σηπιάδα
328 1111 461 1172 ἀπίκοντο
488 1113 534 1170 καὶ
555 1116 583 1174 ἐς
606 1110 799 1188 Θερμοπύλας.
834 1109 974 1186 ἀντιθήσω

173 1199 228 1280 γάρ
242 1201 321 1259 τοῖσί
331 1226 362 1258 τε
375 1198 429 1259 ύπδ
442 1203 491 1258 τοῦ
505 1202 639 1277 χειμῶνος
657 1197 747 1256 αὐτῶν
760 1197 971 1273 ἀπολομένοισι,

174 1288 220 1345 καὶ
239 1291 316 1346 τοῖσι
335 1291 363 1346 ἐν
380 1285 591 1364 Θερμοπύλῃσι,
607 1286 652 1343 καὶ
669 1289 737 1362 τῇσι
751 1283 792 1342 ἐπ’
806 1283 973 1363 Ἀρτεμισίῳ

174 1374 352 1454 ναυμαχίῃσι,
367 1374 469 1433 τούσδε
481 1373 546 1435 τούς
558 1373 622 1432 τότε
635 1371 706 1430 οὔκω
726 1371 875 1447 ἑπομένους
887 1373 973 1447 βασι-

173 1463 230 1536 λέϊ,
260 1462 387 1537 Μηλιέας
413 1487 443 1520 τε
471 1487 517 1518 και
544 1460 674 1536 Δωριέας,
696 1459 742 1516 καὶ
765 1456 896 1534 Λοκρούς,
926 1459 973 1516 καὶ

174 1549 311 1611 Βοιωτούς
327 1551 501 1625 πανστρατιῇ
521 1547 670 1623 ἑπομένους
687 1544 764 1620 πλήν
781 1545 924 1604 Θεσπιέων
942 1570 974 1604 τε

175 1639 220 1696 καὶ
235 1636 409 1694 Πλαταιέων·
431 1635 477 1693 καὶ
496 1633 577 1711 μάλα
598 1633 774 1710 Καρυστίους
793 1658 824 1691 τε
846 1632 892 1691 καὶ
911 1630 974 1692 Ἀν-

174 1725 273 1802 δρίους,
295 1723 340 1782 καὶ
360 1723 474 1799 Τηνίους
489 1747 520 1781 τε
536 1721 582 1780 καὶ
604 1721 668 1783 τούς
695 1718 811 1782 λοιπούς
836 1718 974 1795 νησιιίτας

174 1811 287 1882 πάντας,
310 1810 388 1887 πλήν
414 1815 468 1872 τῶν
490 1810 572 1869 πέντε
592 1808 698 1867 πολίων
717 1811 772 1866 τῶν
795 1805 974 1882 ἐπεμνήσθην

173 1900 309 1978 πρότερον
335 1898 371 1959 τά
397 1898 546 1975 οὐνόματα·
581 1894 640 1974 ὅσῳ
666 1895 720 1975 γάρ
753 1893 787 1969 δή
822 1894 973 1971 προέβαινε

173 1989 297 2066 ἐσωτέρω
323 1992 373 2063 τῆς
398 1985 537 2047 Ἑλλάδος
560 1983 576 2044 ὁ
600 1983 724 2068 Πέρσῃς,
747 1981 872 2061 τοσούτῳ
895 1982 973 2063 πλέω

174 2076 252 2136 έθνεά
267 2080 293 2135 οἱ
307 2077 409 2136 εἵπετο.

126 2164 163 2225 67
212 2163 292 2222 Ἐπεὶ
313 2162 350 2222 ὧν
371 2162 490 2222 ἀπίκατο
512 2165 540 2224 ἐς
559 2159 611 2224 τάς
631 2159 750 2237 Ἀθήνας
770 2158 871 2224 πάντες
888 2154 973 2228 οὗτοι,

173 2252 250 2326 πλήν
268 2251 390 2327 Παρίων·
411 2249 515 2326 Πάριοι
534 2249 563 2308 δὲ
580 2248 797 2324 ὑπολειφθέντες
814 2251 843 2307 ἐν
864 2246 973 2324 Κύθνῳ,
1052 2296 1058 2310 ,

173 2338 354 2416 ἐκαραδόκεον
377 2336 426 2396 τδν
452 2335 578 2413 πόλεμον
605 2339 640 2412 κῆ
667 2335 855 2412 ἀποβήσεται·
890 2335 917 2393 οἱ
944 2333 975 2392 δέ

173 2426 270 2486 λοιποὶ
283 2425 318 2488 ἀς
336 2424 468 2485 ἀπίκοντο
484 2429 512 2488 ἐς
527 2423 561 2484 το
580 2422 719 2500 Φάληρον,
734 2423 852 2483 ἐνθαῦτα
866 2420 974 2496 κατέβη

174 2513 256 2576 αύτος
269 2513 372 2590 Ξέρξης
386 2513 432 2571 ἐπὶ
444 2512 494 2575 τὰς
513 2515 588 2587 νῆας,
603 2511 705 2570 ἐθέλων
721 2516 777 2586 σφι
795 2507 930 2586 συμμίξαι
943 2533 975 2567 τε

174 2601 220 2660 καὶ
240 2601 378 2660 πυθέσθαι
394 2604 448 2660 τῶν
468 2597 662 2658 ε’πιτλωόντων
683 2596 733 2660 τάς
753 2596 873 2677 γνώμας.
914 2595 975 2653 ἐπεὶ

173 2689 203 2748 δὲ
226 2687 392 2766 ἀπικόμενος
414 2687 551 2765 προΐζετο,
569 2689 707 2762 παρῆσαν
730 2683 924 2762 μετάπεμπτοι
948 2685 975 2740 οί

171 2781 227 2838 τῶν
250 2778 347 2838 ἐθνέων
367 2779 422 2836 τῶν
444 2774 588 2850 σφετέρων
610 2771 737 2848 τύραννοι
761 2772 807 2830 καὶ
828 2771 974 2848 ταξίαρχοι

172 2863 229 2924 ἀπο
246 2869 301 2926 τῶν
319 2867 398 2940 νηῶν,
413 2862 458 2921 καὶ
480 2861 571 2931 ἵζοντο
587 2859 622 2922 ὥς
638 2867 694 2936 σφι
712 2857 850 2936 βασιλεῦς
866 2856 975 2935 ἑκάστῳ

171 2953 255 3030 τιμὴν
277 2951 411 3024 ἐδεδώκεε·
439 2951 547 3024 πρῶτος
567 2945 652 3024 μὲνὸ
675 2945 805 3010 Σιδώνιος
824 2943 973 3022 βασιλεύς·

172 3039 243 3116 μετά
266 3040 295 3099 δὲ
319 3038 335 3098 ὅ
357 3036 464 3114 Τύριος·
499 3034 545 3092 ἐπὶ
572 3035 609 3104 δὲ,
632 3031 730 3094 ὧλλοι·
765 3033 801 3096 ὥς
824 3033 853 3092 δέ
877 3031 975 3111 κόσμῳ

174 3128 272 3203 ἐπεξῆς
300 3115 398 3197 ἵζοντο,
422 3123 536 3201 πέμψας
555 3121 661 3200 Ξέρξης
681 3119 840 3198 Μαρδόνιον
866 3117 974 3195 «lpum,

172 3211 395 3290 ἀποπειρώμενος
428 3208 556 3280 ἑκάστου,
586 3212 611 3270 εί
643 3207 799 3285 ναυμαχίην
831 3205 973 3272 ποιέοιτο;
