2204 3430
147 119 246 184 υκαι]
449 119 651 174 mmmm.
914 120 945 167 ιε

148 197 242 280 ὁρτήν,
258 194 343 272 ἤϊσαν
364 197 461 277 κόσμιρ
483 202 521 276 τῷ
542 202 687 277 καλλίστῳ
707 196 870 276 χρεώμεναι·
887 195 904 256 ό
924 196 948 256 δ’

147 284 316 360 ὑποστήσας
327 285 392 348 τοῦς
405 285 584 363 δορυφόρους,
598 284 721 344 άπέδυσέ
742 291 833 361 σφεας
853 285 948 348 πάσας

149 372 315 450 ὁμοίωςτάς
334 373 358 434 τ’
373 376 519 452 ἐλευθέρας
540 375 585 433 καὶ
601 373 650 436 τοὶς
665 373 853 450 ἀμφιπόλους·
875 399 946 451 συμ

148 461 279 538 φορήσας
293 462 323 520 δὲ
336 467 363 524 ἐς
377 461 493 543 ὄρυγμα,
508 463 646 540 Μελίσσῃ
668 461 851 540 ἐπευχόμενος
869 463 946 521 κατέ-

149 574 218 608 καιε·
238 553 325 609 ταῦτα
339 549 370 609 δέ
383 553 409 609 οἱ
421 550 573 626 ποιήσαντι
583 550 629 609 καὶ
639 550 672 609 τό
685 549 811 626 δεύτερον
820 551 947 627 πέμψαν·

147 661 176 698 τι
192 638 301 714 ἔφρασε
317 638 351 698 τό
370 639 483 698 εἴδωλον
496 637 529 698 τά
544 639 696 714 Μελίσσης
710 643 737 700 ἐς
750 635 799 696 τόν
812 638 946 713 κατέθηκε

147 727 239 802 χῶρον
252 729 302 784 τοῦ
316 725 405 795 ξείνου
418 725 470 800 τήν
482 725 727 802 παρακαταθήκην.
769 729 879 785 τοιοῦτο
894 727 947 802 μέν

149 815 211 870 ἐστι
226 812 291 888 ὖμῖν
304 812 323 888 η’
336 814 469 889 τυραννὶς,
484 813 504 871 ὦ
517 812 740 890 Λακεδαιμόνιοι,
756 814 802 871 καὶ
814 813 946 874 τοιούτων

149 899 245 978 ἔργων.
289 899 377 975 ήμέας
390 901 419 958 δέ
429 901 492 963 τούς
501 901 664 978 Κορινθίους
678 900 741 959 τότε
755 899 853 960 αὐτίκα
867 901 946 977 θῶμα

148 987 223 1065 μέγα
237 986 302 1064 εἶχε,
317 986 363 1046 ὅτε
380 987 465 1064 όμέας
485 989 591 1065 εἴδομεν
612 987 877 1066 μεταπεμπομένους
888 987 944 1048 Ἱπ-

139 1074 225 1150 πίην·
247 1078 295 1134 νῦν
314 1101 345 1135 τε
367 1075 401 1152 δή
423 1076 468 1134 καὶ
489 1076 607 1152 μεζόνως
627 1074 790 1153 θωμάζομεν
811 1075 946 1156 λέγοντας

148 1166 247 1220 ταῦτα·
262 1163 503 1241 ἐπιμαρτυρόμεθά
515 1189 553 1234 τε,
565 1164 775 1241 ἐπικαλεόμενοι
788 1163 854 1239 ώμῖν
867 1164 947 1228 θεοδς

148 1249 213 1312 τὀδς
228 1250 401 1328 Ἑλληνίους,
422 1251 463 1329 μή
485 1252 647 1312 κατιστάναι
668 1251 828 1326 τυραννίδας
849 1255 877 1314 ἐς
896 1251 947 1316 τάς

147 1337 240 1402 πόλις·
261 1338 349 1399 οὔκων
365 1339 512 1399 παύσεσθε
533 1339 609 1398 άλλά
629 1338 800 1416 πειρήσεσθε
815 1339 893 1418 παρά
911 1340 945 1401 τδ

148 1424 253 1487 δίκαιον
266 1426 432 1508 κατάγοντες
444 1427 564 1503 Ἱππίην,
578 1429 640 1488 ’ίστε
657 1427 722 1504 ὖμῖν
735 1429 899 1504 Κορινθίους
911 1455 946 1510 γε

148 1512 180 1572 οὐ
200 1514 418 1577 σοναινέοντας.”

188 1602 348 1678 Σωσικλέης
368 1605 419 1678 μὲν
440 1601 496 1661 όπὸ
520 1602 659 1678 Κορίνθου
681 1603 847 1680 πρεσβεύων
867 1603 990 1674 ἐλεξε93

148 1687 221 1749 τάδε.
262 1688 372 1766 Ἱππίης
385 1690 415 1748 δέ
428 1688 512 1750 αὐτόν
527 1689 670 1766 ἀμείβετο,
684 1689 748 1753 τοός
768 1689 867 1756 αότοῧς
888 1697 944 1750 ἐπι-

149 1777 270 1840 καλέσας
291 1777 370 1841 θεοδς
394 1779 479 1856 κείνῳ,
502 1777 521 1854 ἦ
545 1777 601 1854 μὴν
626 1779 791 1855 Κορινθίους
812 1779 942 1856 μάλιστα

148 1863 256 1924 πάντων
270 1865 452 1940 ἐπιποθήσειν
465 1865 706 1942 Πεισιστρατίδας,
724 1865 790 1926 ὅταν
803 1873 860 1942 σφι
874 1867 942 1942 ἥκω-

148 1977 180 2012 σι
194 1951 295 2028 ἡμέραι
316 1955 345 2010 αἱ
363 1953 452 2030 κύριαι
474 1952 605 2013 ἀνιᾶσθαι
625 1951 669 2011 ὕπ’
684 1952 847 2028 Ἀθηναίων.
888 1954 943 2013 Ἱπ-

148 2039 213 2113 πίης
227 2041 278 2114 μὲν
294 2039 419 2099 τούτοισι
439 2041 584 2119 ἀμείψατο,
604 2040 649 2100 οἶά
665 2066 696 2100 τε
715 2039 780 2103 τούς
797 2041 944 2118 χρησμοδς

148 2124 336 2202 ἀτρεκέστατα
345 2126 449 2204 α’νδρῶν
459 2129 680 2206 ἐξεπιστάμενος·
700 2132 727 2188 οἱ
740 2128 770 2187 δέ
782 2128 878 2187 λοιποὶ
889 2133 943 2189 τῶν

147 2213 303 2293 συμμάχων
318 2216 385 2278 τέως
403 2219 455 2293 μὲν
476 2218 551 2297 εἶχον
566 2222 594 2276 ἐν
608 2216 712 2296 ἡσυχίη
728 2216 820 2292 σφέας
834 2215 941 2281 αὐτούς·

146 2303 208 2362 ἐπεί
224 2329 255 2363 τε
274 2303 303 2362 δέ
316 2304 474 2368 Σωσικλέος
492 2305 617 2382 ἤκουσαν
639 2305 764 2367 εἴπαντος
785 2305 940 2382 ἐλευθέρως,

144 2390 217 2455 ἅπας
229 2419 270 2456 τις
284 2393 374 2454 αὐτῶν
388 2394 484 2470 φωνήν
496 2395 589 2472 ῥήξας,
604 2395 710 2470 αἱρέετο
727 2397 777 2454 τοῦ
791 2395 942 2470 Κορινθίου

143 2480 194 2555 τήν
206 2481 328 2561 γνώμην·
342 2482 590 2559 Λακεδαιμονίοισί
600 2506 630 2540 τε
645 2482 887 2558 ἐπεμαρτυρέοντο,
900 2482 941 2557 μή

142 2570 246 2628 ποιέειν
261 2570 348 2646 μηδὲν
364 2569 495 2645 νεώτερον
512 2570 577 2647 περὶ
597 2568 682 2630 πόλιν
693 2568 829 2628 Ἑλλάδα,
870 2568 941 2628 οὕτω

142 2658 194 2732 μὲν
206 2661 294 2716 ταῦτα
308 2657 448 2732 ἐπαύσθη.

182 2743 278 2820 Ἱππίῃ
297 2745 326 2802 δὲ
348 2745 472 2803 ἐνθεῦτεν
491 2742 706 2820 ἀπελαυνομένῳ
727 2742 817 2801 ἐδίδου
830 2745 881 2818 μὲν
894 2741 988 2802 ’A-94

141 2829 245 2906 μόντης
266 2830 282 2888 ὁ
301 2831 437 2890 Μακεδών
454 2830 650 2938 Ἀνθεμοῦντα,
670 2829 797 2889 &mom
817 2830 847 2888 δὲ
868 2836 940 2888 Θεσ-

141 2916 229 2976 σαλοὶ
248 2916 371 2976 Ἰωλκόν.
413 2945 428 2976 ο
421 2917 476 2976 ’δὲ
496 2917 600 2976 τούτων
613 2917 665 2992 μὲν
679 2916 851 2992 οὐδέτερα
824 2916 939 2989 αιρέετο,

140 3004 276 3084 ἀνεχώρεε
290 3003 349 3061 δὲ’
333 3005 424 3062 οπίσω
438 3011 465 3068 ἐς
479 3006 597 3084 Σίγειον,
611 3029 645 3061 το
636 3001 719 3060 εἶλε
733 3001 940 3069 Πεισίστρατος

139 3096 229 3172 αἰχμῇ
239 3117 317 3168 παρα
308 3090 533 3165 Μυτιληναίων·
556 3087 699 3165 κρατήσας
712 3089 742 3145 δὲ
755 3084 848 3146 αὐτοῦ,
864 3079 940 3134 κατέ·

139 3205 230 3256 στησε
242 3179 378 3257 τύραννον
392 3177 461 3235 εἶναι
478 3175 609 3235 παῖδα
577 3199 627 3234 τον
641 3176 741 3231 ἑωυτου
728 3166 837 3227 νόθον
839 3162 939 3271 Ηγη-

139 3268 302 3343 σίστρατον,
320 3262 458 3347 γεγονότα
480 3263 511 3331 ἐξ
532 3259 661 3338 Ἀργείης
680 3249 818 3333 γυναικός·
839 3273 869 3308 ος
890 3246 940 3305 οὐκ
