2280 3432
187 111 235 158 ιω
488 105 670 154 Ἦνοιοτου
911 105 986 170 [vn.
1133 131 1138 166 .

187 186 220 248 τό
234 186 315 265 οὖρος
326 188 383 245 πιῖν
395 185 441 245 ἐόν
454 185 542 262 δρυῶν
553 184 695 243 ἐπίπλεον·
711 183 746 260 ἦν
759 186 810 262 μὲν
821 183 855 262 δὴ
866 187 989 263 νηνεμίη,

108 299 110 302 ·
188 274 283 354 ψόφου
307 273 337 332 δέ
356 275 501 354 γινομένου
526 275 637 331 πολλοῦ
659 271 695 335 οῖς
718 273 793 334 οἰκός
817 272 853 348 ἦν
873 273 990 349 φύλλων

187 362 397 440 ύποκεχυμένων
418 360 473 420 ιῖπό
494 359 575 420 τοῖσιΙ
594 361 673 428 ποσὶ,
695 359 747 418 άνά
770 387 800 421 τε
825 362 942 438 ἔδραμον
963 366 990 422 οῖ

188 451 293 512 Φωκέες
310 449 356 507 καὶ
370 449 463 508 ἔδοντο
479 448 516 508 τά
532 447 616 521 ὅπλα,
633 449 680 506 καῖ’
692 447 790 508 αὐτίκα
804 452 830 507 οἶ
843 449 990 528 βάρβαροι

167 543 172 552 ’
189 540 329 613 παρῆσαν·
353 535 387 600 ὦς
405 537 435 595 δέ
453 536 525 596 εἶδον
544 535 644 613 ἄνδρας
663 535 838 612 ἐνδυομένους
856 536 941 607 ὅπλα,
960 543 991 601 ἐν

119 655 121 659 ·
189 625 295 701 θώματι
316 625 451 705 ἐγένοντο·
480 624 630 700 ἐλπόμενοι
650 624 705 704 γάρ
726 623 805 684 οὐδέν
825 630 880 699 σφι
901 625 989 701 φανή-

160 737 163 753 ¹
189 713 292 772 σεσθαι
305 712 431 782 ἀντίξοον
444 712 612 789 ἐνεκύρησαν
626 714 747 790 στρατῷ·
765 714 882 772 ἐνθαῦτα
892 712 989 790 Ὑδάρ-

189 825 237 875 ιης
250 799 464 877 καταρρωδήσας
476 799 517 877 μή
531 804 558 859 οἱ
570 801 675 862 Φωκέες
689 801 755 859 ἔωσι
768 799 989 877 Λακεδαιμόνιοι,

167 943 169 950 ,
190 887 278 964 εἴρετο
290 887 340 948 τόν
352 887 507 949 Ἐπιάλτεα
521 887 647 950 ποδαπός
660 887 702 963 ε’ίη
717 887 732 947 ὁ
746 887 866 965 στρατός
874 914 882 957 ;
904 888 990 948 πυθό-

188 1001 270 1052 μενος
293 977 323 1035 δὲ
346 975 486 1053 ἀτρεκέως,
512 977 644 1036 διέτασσε
670 974 735 1038 τούς
759 977 874 1053 Πέρσας
900 975 936 1040 οῖς
963 981 991 1039 ἐς

188 1063 291 1143 μάχην·
313 1069 340 1124 οἶ
356 1066 385 1124 δέ
398 1067 512 1134 Φωκέες,
527 1064 563 1128 οῖς
576 1063 736 1140 ἐβάλλοντο
749 1067 825 1123 τοῖσι
838 1065 991 1140 τοξεύμασι

188 1154 329 1211 πολλοῖσί
339 1179 369 1211 τε
383 1153 429 1212 καὶ
437 1156 581 1222 πυκνοῖσι,
596 1153 707 1231 οἴχοντο
719 1151 868 1231 φεύγοντες
881 1153 927 1210 ἐπὶ
939 1153 991 1211 τοῦ

190 1237 284 1315 οὔρεος
309 1238 358 1298 τόν
384 1239 535 1318 κόρυμβον,
562 1239 742 1317 ἐπιστάμενοι
770 1239 805 1302 οἷς
830 1240 874 1298 ἐπὶ
899 1241 991 1315 σφέας

190 1325 361 1404 ὁρμήθησαν
381 1326 480 1406 ἀρχὴν,
502 1328 547 1386 καὶ
568 1326 793 1404 παρεσκευάδατο
815 1327 850 1389 ὦς
870 1325 989 1385 άπολεό-

189 1438 276 1488 μενοι·
304 1413 380 1475 οὗτοι
403 1418 454 1492 μὲν
478 1414 511 1490 δὴ
535 1418 623 1474 ταῦτα
646 1412 788 1491 ἐφρόνεον,
811 1417 838 1473 οἱ
862 1413 891 1473 δὲ
915 1413 990 1490 α’μφὶ

189 1497 341 1560 Ἐπιάλτεα
360 1503 406 1559 καὶ
419 1501 552 1578 Ὑδάρνεα
568 1501 680 1578 Πέρσαι
696 1502 810 1560 Φωκέων
826 1504 877 1577 μέν
893 1500 991 1560 οὐδένα

152 1586 277 1666 ν’]’λάγον
301 1591 450 1657 ἐποιεῦντο,
472 1591 499 1646 οἱ
522 1588 552 1646 δέ
574 1588 740 1664 κατέβαινον
759 1587 793 1648 τό
818 1587 899 1665 οὖρος
920 1586 990 1646 κατά

165 1681 168 1688 ’
190 1672 284 1752 τάχος.
980 1625 1077 1784 Εἰ

143 1763 201 1821 219
231 1765 314 1822 Τοῖσι
326 1763 356 1823 δὲ
369 1768 398 1824 ἐν
410 1763 613 1841 Θερμοπύλῃσι
627 1767 705 1823 ἐοῦσι
717 1763 870 1841 Ἑλλήνων,
881 1768 992 1842 πρῶτον

190 1851 241 1926 μὲν
262 1849 277 1909 ό
298 1851 395 1928 μάντις
416 1850 574 1930 Μεγιστίης
594 1851 693 1910 ἐσιδεῖν
714 1857 741 1913 ἐς
760 1852 796 1911 τά
818 1851 863 1929 ἱρά
884 1853 991 1927 ἔφρασε

178 1937 240 2009 Γἐτὸν
252 1940 396 2015 μέλλοντα
412 1938 530 1999 ἔσεσθαι
547 1937 606 2015 ἅμα
618 1937 667 2015 ἠοῖ
679 1946 734 2016 σφι
751 1939 879 2001 θάνατον·
901 1939 946 1996 ἐπὶ
962 1938 991 1996 δὲ

172 2065 174 2070 -
192 2025 238 2084 καὶ
253 2025 406 2104 αὖτόμολοι
418 2025 505 2102 ἤϊσαν
518 2029 545 2087 οἱ
564 2027 774 2108 ἐξαγγείλαντες
789 2031 845 2087 τῶν
859 2025 991 2103 Περσέων

135 2127 166 2196 ’ᾗ
191 2113 243 2189 τὴν
255 2115 393 2192 περίοδον
414 2114 493 2174 οὗτοι
503 2118 555 2192 μὲν
569 2117 608 2175 ἔτι
622 2115 719 2178 νυκτός
732 2114 883 2192 ἐσήμηναν·
903 2113 992 2190 τρίτοι

210 2203 222 2258 ὲ
243 2204 269 2260 οἱ
288 2201 480 2278 ἡμεροσκόποι
501 2202 722 2280 καταδραμόντες
742 2199 799 2261 άπό
819 2205 873 2261 τοῖν
893 2199 990 2278 άκρων,

191 2287 244 2363 ἤδη
257 2288 458 2366 διαφαινούσης
474 2289 589 2367 ἡμέρης.
624 2291 743 2350 ἐνθαῦτα
762 2288 946 2365 ἐβουλεύοντο
966 2291 992 2348 οἱ

186 2374 334 2451 Ἕλληνες,
356 2376 404 2435 καί
422 2383 518 2452 σφεων
539 2378 685 2455 ἐσχίζοντο
705 2381 734 2436 αἱ
754 2381 870 2458 γνῶμαι·
896 2380 922 2436 οἱ
941 2379 992 2453 μέν

191 2461 247 2543 γάρ
268 2462 318 2522 οὐκ
338 2464 388 2524 ἔων
407 2463 460 2539 τήν
479 2463 558 2534 τάξιν
579 2469 710 2536 ἐκλιπεῖν,
732 2469 759 2525 οἶ
779 2467 809 2525 δὲ
830 2464 991 2525 ἀπέτεινον·

191 2549 263 2626 μετά
284 2551 313 2610 δέ
332 2554 416 2612 τοῦτο
436 2551 627 2630 διακριθέντες,
649 2557 676 2612 οἱ
697 2555 748 2631 μέν
768 2553 992 2612 άπαλλάσσοπο

134 2648 145 2697 .”
172 2637 238 2696 ’καὶ
256 2638 501 2702 διασκεδασθέντες
520 2639 590 2698 κατά
604 2639 687 2702 πόλις
704 2641 818 2700 ἕκαστοι
832 2639 992 2716 ἐτράποντο,

167 2743 169 2750 ’
192 2728 220 2786 οἶ
238 2725 267 2784 δέ
287 2725 377 2787 αὐτῶν
394 2724 454 2804 ἅμα
469 2727 592 2805 Λεωνίδῃ
606 2728 698 2804 μένειν
715 2726 800 2788 αύτοΰ
817 2726 993 2803 παρασκευά-

99 2844 104 2850 ·
145 2815 203 2874 220
213 2813 289 2874 δατο.
323 2815 443 2895 Λέγεται
462 2814 492 2872 δὲ
506 2813 543 2877 οῖς
559 2813 642 2878 αύτός
655 2822 746 2890 σφεας
760 2814 908 2892 άπέπεμψε
921 2821 993 2872 Λειο-

192 2900 275 2978 νίδης,
288 2902 328 2978 μή
345 2901 505 2963 ἀπόλωνται
522 2901 681 2978 κηδόμενος·
703 2902 776 2982 αὐτῷ
789 2903 818 2962 δὲ
837 2902 883 2961 καὶ
902 2903 993 2977 Σπαρ-

192 2991 307 3065 τιητέων
316 2993 393 3049 τοῖσι
405 2991 542 3064 παρεοῦσι
556 2985 606 3045 οὐκ
620 2988 693 3066 ἔχειν
704 2989 858 3068 εὐπρεπέως
872 2990 994 3048 ἐκλιπεῖν

193 3075 245 3152 τὴν
260 3077 339 3148 τάξιν
357 3081 384 3140 ές
401 3075 453 3151 την
473 3073 563 3149 ἦλθον
580 3076 753 3150 φυλάξοντες
774 3076 873 3155 ἀρχήν.
907 3072 994 3149 ταύτῃ

129 3214 131 3222 ,
195 3163 242 3221 καὶ
258 3168 371 3239 μᾶλλον
384 3167 420 3240 τῇ
433 3160 529 3243 γνώμῃ
542 3162 678 3226 πλεῖστός
695 3167 759 3240 εἶμι,
773 3162 919 3236 Λεωνίδην,
934 3157 995 3218 ἐπεί

195 3273 227 3308 τι
243 3248 348 3327 ᾔσθετο
368 3250 433 3311 τους
451 3246 619 3324 συμμάχους
637 3247 731 3313 ἐόντας
749 3246 928 3324 ἀπροθύμους
948 3243 995 3304 καὶ
