2294 3430
161 97 270 163 47—50]
469 97 656 145 ΙῙΟΛΤΜΝῙΑ.
915 100 962 156 143

160 183 210 254 τῆς
234 177 384 252 θαλάσσης
408 177 470 235 ἐστὶ
494 177 580 252 λιμὴν
603 181 739 240 τοσοῦτος
762 176 904 255 οὕδαμόθι,
927 179 962 242 οἷς
994 169 997 174 Δ

161 266 215 346 ἐγιδ
240 265 342 336 εἰκάζω,
365 263 443 326 ὅστις
465 267 638 346 ἐγειρομένου
659 269 793 344 χειμῶνος
816 267 961 343 δεξάμενός

160 379 211 412 σευ
233 358 314 414 τοῦτο
335 351 368 412 τό
391 353 526 423 ναυτικόν,
545 354 697 434 φερέγγυος
719 355 797 412 ἔσται
820 355 960 427 διασῶσαι
987 359 993 368 ’

81 501 89 516 ,
159 442 208 504 τοῖς
231 442 301 504 νέας·
324 442 372 500 καί
390 469 434 500 τοι
454 441 513 500 οὐκὶ
534 442 580 501 ἕνα
599 440 682 502 αὐτόν
699 442 741 500 δεῖ
761 441 830 501 εἶναι
850 442 899 502 τόν
916 447 959 503 λι·

159 530 236 604 μένα,
260 528 336 588 ἅλλοὶ
357 530 433 606 παραὶ
457 535 553 589 πᾶσαν
571 519 762 607 τῆν’ἥπειρον,
782 529 846 607 παρ’
867 529 901 606 ἢν
923 531 956 608 δή

159 619 275 694 κομίεαι·
299 617 347 676 οὐκ
371 617 407 677 ὧν
441 618 459 693 ἦ
479 617 577 678 ἐόντων
597 644 641 676 τοι
662 619 781 695 λιμένων
801 617 958 690 ὕποδεξίων,

156 706 229 781 μα’θε
249 705 292 765 ὅτι
306 709 341 764 ἀἱ
360 707 506 783 συμφοραὶ
525 711 579 765 τῶν
600 706 756 806 ἀνθρώπωνΧ
771 704 891 784 ἄρχουσι
912 708 957 766 καὶ

158 793 218 852 οὐκὶ
240 792 383 870 ὥνθρωποι
396 798 451 853 τῶν
466 795 643 870 συμφορέων·
665 795 711 862 καὶ
724 787 759 864 δη
772 799 825 854 τῶν
847 794 895 854 δύο
915 822 958 854 τοι

156 885 206 939 τοῦ
230 881 323 957 ἐτέρου
346 883 497 958 εἰρημένου,
511 881 544 941 τό
566 881 658 958 ἕτερον
680 883 796 961 ἔρχομαι
810 883 899 959 ἐρέων·
921 887 959 964 γῆ

157 968 191 1043 δὴ
205 969 328 1045 πολεμίη
342 969 409 1046 τῇδέ
422 995 465 1027 τοι
480 965 652 1028 κατίσταται·
675 974 697 1028 εἰ
712 970 804 1029 ἐθέλοι
817 995 861 1028 τοι
871 971 958 1046 μηδὲν

156 1054 284 1125 ἀντίξοον
305 1061 485 1132 καταστῆναι,
499 1057 625 1135 τοσούτῳ
639 1083 683 1116 τοι
695 1058 801 1138 γίνεται
814 1061 957 1134 ,πολεμιω-

155 1145 223 1219 τέρη
242 1143 300 1224 ὅσῳ
322 1142 356 1204 ἂν
377 1145 533 1222 προβαίνῃς
557 1146 702 1222 ἑκαστέρω,
726 1145 759 1204 τό
781 1145 879 1221 πρόσω
904 1147 957 1204 αἰεὶ
987 1157 989 1162 ’

157 1232 351 1309 κλεπτόμενος.
384 1233 530 1310 εὐπρηξίης
554 1233 609 1314 γδρ
636 1232 685 1292 οὐκ
710 1234 770 1292 ἐστι
794 1232 966 1311 ἀνθρώποισι
996 1296 998 1305 Α

156 1319 270 1396 οὐδεμία
291 1321 436 1398 πληθώρη.
458 1353 459 1358 ’
479 1322 524 1380 καὶ
539 1321 573 1397 δή
586 1347 637 1392 τοι,
653 1321 688 1384 ὦς
703 1321 812 1384 οὐδενός
827 1327 957 1382 ἐναντιευ-

154 1409 246 1483 μένου,
274 1409 348 1490 λέγω
372 1409 423 1485 τὴν
446 1408 539 1488 χώρην
563 1414 671 1469 πλεῦνα
686 1416 724 1470 ’ἐν
746 1415 844 1469 πλεῦνι
867 1409 957 1490 χρόνῳ

154 1497 302 1574 γινομένην
326 1497 412 1573 λιμόν
436 1497 574 1567 τέξεσθαι.
616 1497 685 1575 ἀνὴρ
711 1499 739 1556 δὲ
763 1497 833 1557 οὕτω
857 1497 890 1558 ἂν
915 1500 957 1575 εἴη

154 1581 275 1660 ἄριστος,
297 1589 320 1644 εἰ
337 1585 543 1666 βουλευόμενος
561 1588 613 1662 μὲν
634 1584 772 1666 ἀρρωδέοι,
791 1591 847 1646 πᾶν
866 1590 955 1645 ἐπιλεε

153 1670 271 1750 γόμενος
292 1675 443 1732 πείσεσθαι
463 1678 568 1752 χρῆμα,
592 1679 620 1733 ἐν
645 1673 674 1732 δὲ
693 1677 732 1752 τῷ
756 1675 825 1754 ἔργῳ
848 1674 953 1751 θρασυς

153 1758 221 1834 εἴη.”
262 1759 427 1838 Ἀμείβεται
449 1761 554 1836 Ξέρξης
575 1762 680 1822 τοῖσδε·
706 1772 723 1796 “
731 1760 897 1838 Ἀρτάβανε,
918 1764 1003 1821 οἶ-50

153 1846 239 1911 κότως
252 1852 303 1925 μὲν
317 1849 354 1908 σύ
367 1875 400 1930 γε
413 1849 516 1930 τούτων
531 1849 636 1908 ἕκαστα
653 1849 778 1926 διαιρέαι·
800 1848 869 1924 ἀτὰρ
884 1849 956 1926 μήτε

152 1933 244 1994 πάντα
259 1937 361 2011 φοβέο,
377 1936 448 2012 μήτε
467 1940 523 1994 πᾶν
543 1935 643 2012 ὁμοίως
657 1938 794 2018 ἐπιλέγεο·
817 1941 840 1994 εἰ
852 1935 907 2016 γὰρ
921 1936 955 2012 δὴ

151 2023 274 2098 βούλοιο
294 2024 339 2081 ἐπὶ
353 2027 391 2100 τῷ
404 2023 456 2080 αἰεὶ
471 2026 684 2102 ἐπεσφερομένῳ
697 2023 841 2104 πρήγματι
853 2023 886 2082 τό
899 2027 956 2084 πᾶν

152 2110 255 2182 ὁμοίως
277 2111 466 2191 ἐπιλέγεσθαι,
496 2109 642 2186 ποιήσειας
668 2109 702 2172 ἂν
730 2110 838 2188 οὐδαμοὶ
866 2111 953 2172 οὐδέν·

152 2199 277 2275 κρέσσον
305 2199 334 2257 δὲ
361 2198 452 2258 ποίντα
479 2198 635 2275 θαρσέοντα
661 2197 750 2276 ἥμισυ
777 2203 832 2260 τῶν
861 2200 955 2260 δεινῶν

150 2285 274 2366 πιίσχειν
291 2291 413 2364 μᾶλλον,
428 2285 446 2361 ἢ
460 2291 517 2346 πᾶν
530 2291 627 2365 χρῆμα
646 2287 877 2364 προδειμαίνοντα
898 2313 951 2365 μη-

152 2374 227 2450 δαμιέ
246 2375 333 2451 μηδὲν
350 2376 460 2434 παθεῖν·
482 2374 548 2434 εἰδὲ
563 2375 657 2452 ἐρίζων
672 2375 742 2452 πρός
754 2381 812 2435 πᾶν
824 2375 857 2444 τό
872 2375 953 2458 λεγό-

150 2462 299 2539 μενον,μὴ
315 2462 348 2522 τό
362 2464 486 2539 βέβαιον
506 2462 657 2532 ἀποδέξεις,
672 2461 859 2538 σφάλλεσθαι
878 2462 953 2539 ὀφεί-

150 2554 210 2612 λεις
234 2555 264 2610 ἐν
287 2550 398 2610 αὐτοῖσι
422 2550 523 2629 ὁμοίως
546 2551 592 2609 καὶ
615 2549 631 2610 ὁ
655 2549 803 2609 ὑπεναντία
826 2549 951 2610 τούτοισι

120 2699 126 2709 ,
149 2637 243 2705 λέξας.
285 2643 367 2698 τοῦτο
387 2639 438 2715 μέν
459 2665 507 2698 νυν
529 2639 628 2711 ἐπίσης
650 2638 715 2714 ἔχει·
738 2637 836 2696 εἰδέναι
857 2639 887 2697 δέ
907 2637 952 2698 ἄν·

150 2725 262 2801 θρωπον
281 2725 361 2786 ἐόντα
383 2731 435 2789 κῶς
454 2725 510 2810 χρὴ
530 2724 563 2786 τό
582 2727 722 2802 βέβαιον;
746 2723 830 2782 δοκέω
843 2728 894 2802 μὲν
908 2724 952 2784 οὐ·

149 2811 252 2888 δαμῶς.
293 2819 370 2873 τοῖσι
391 2815 484 2873 τοίνυν
505 2813 709 2890 βουλομένοισι
730 2813 841 2882 ποιέειν,
863 2813 899 2876 ὦς
919 2811 952 2872 τό

149 2901 253 2960 ἐπίπαν
267 2903 360 2976 φιλέει
373 2901 503 2982 γίνεσθαι
515 2899 551 2961 τοὶ
564 2901 670 2977 κέρδεα·
691 2902 767 2958 τοῖσι
781 2899 810 2956 δὲ
824 2904 950 2980 ε’πιλεγο-

148 2989 264 3065 μένοισί
272 3015 303 3048 τε
316 2989 409 3049 πάντα
422 2988 470 3049 καὶ
483 2989 602 3067 ὀκνεῦσι,
617 2985 649 3046 οὗ
663 2985 743 3062 μάλα
757 2984 856 3044 ἐθέλει.“
886 2985 952 3064 ὁρᾷς

149 3075 184 3140 τὰ
197 3077 331 3153 Περσέων
352 3078 507 3160 πρήγματα
527 3080 554 3138 ἐς
568 3074 584 3134 δ
597 3072 726 3149 δυνάμιος
744 3072 950 3148 προκεχώρηκε·

149 3169 172 3224 εἰ
195 3167 288 3224 τοίνυν
310 3169 409 3224 ἐκεῖνοι
435 3164 463 3222 οἶ
483 3162 538 3240 πρό
560 3165 624 3238 ἐμεῦ
647 3159 791 3239 γενόμενοι
815 3157 951 3230 βασιλέες

135 3251 278 3333 ’γνώμῃσι
296 3251 428 3329 ἐχρέοντο
448 3247 564 3328 ὁμοίῃσι
584 3247 629 3305 καὶ
647 3241 725 3317 σιλῆ
745 3241 786 3317 μή
806 3243 952 3319 χρεόμενοι
