2294 3430
191 93 237 141 ιω
491 91 673 140 ἭΡοΔουου
909 89 986 155 [vn.

191 173 347 250 Μέρβαλος
364 171 521 254 Ἀγβάλου,
541 170 587 228 καὶ
605 169 694 240 Κιλιξ
712 171 857 236 Συέννεσις
872 169 988 249 Ὠρομέ-

187 257 290 329 δοντος,
305 261 352 320 καὶ
366 261 469 323 Λύκιος
488 258 684 334 Κυβερνίσκος
697 259 776 323 Σίκα·
798 259 844 318 καὶ
857 258 987 336 Κύπριοι,

187 346 293 428 Γόργος
305 363 343 408 ’τε
363 349 379 408 ὁ
400 349 530 425 Χέρσιος,
556 347 603 404 καὶ
622 347 754 422 Τιμῶναξ
776 347 792 406 ό
815 347 987 427 Τιμαγόρεω·

186 434 232 492 καὶ
258 440 360 513 Καρῶν
384 434 516 498 Ἱστιαῖός
535 459 567 493 τε
590 431 605 492 ὁ
633 431 746 509 Τύμνεω
771 434 817 493 καὶ
838 434 948 514 Πίγρης
969 458 985 492 ο

139 523 176 580 99
187 521 337 600 Σελδώμου
361 525 407 583 καὶ
430 518 678 598 Δαμασίθυμοςνῦ
705 521 884 581 Κανδαύλεω.
925 527 988 584 Τῶν

183 609 236 684 μέν
262 636 309 670 νυν
331 611 427 672 ἀλλων
450 609 483 670 ού
505 609 724 686 παραμέμνημαι
747 609 926 688 ταξιαρχέων,
951 609 987 674 ῶς
1028 679 1032 686 ¹

186 695 236 755 οῦκ
258 695 488 779 ἀναγκαζόμενος·
514 696 694 774 Ἀρτεμισίης
718 695 755 767 δὲ,
780 699 831 773 τῆς
856 695 986 773 μάλιστα

185 784 243 844 θῶ
285 792 415 864 ποιεῦμαι
436 787 481 846 ε’πὶ
504 784 557 861 τῆν
578 784 705 843 Ἑλλάδα
732 787 984 862 στρατευσαμένης,

182 811 320 952 γυναᾮκός·
352 874 420 951 ῆτις,
443 872 632 936 ἀποθανόντος
653 876 704 931 τοῦ
728 871 835 949 ἀνδρός,
860 872 930 949 αῦτῆ
953 901 984 934 τε

183 961 287 1038 ἔχουσα
297 962 349 1038 τῆν
361 962 508 1042 τυραννίδα
519 961 564 1020 καὶ
574 959 672 1022 παιδός
681 959 856 1038 ὑπάρχοντος
864 963 983 1036 νεηνίεω,

183 1047 238 1108 ῦπδ
255 1049 382 1127 λη’ματός
397 1077 428 1111 τε
444 1050 491 1109 καὶ
504 1048 633 1126 ἀνδρηίης
649 1047 838 1124 ἐστρατεύετο,
854 1047 983 1125 οῦδεμιῆς

183 1137 283 1213 εὀύσης
297 1141 323 1197 οἶ
337 1139 496 1219 ἀναγκαίης.
531 1135 636 1213 οὔνομα
648 1138 700 1212 μὲν
713 1135 747 1210 δῆ
758 1134 792 1210 ῆν
805 1135 876 1214 αύτῆ
888 1136 981 1214 Ἀρτε-

181 1225 272 1300 μισίη,
288 1225 410 1306 θυγάτηρ
428 1224 457 1284 δέ
475 1223 511 1300 ῆν
526 1223 694 1304 Λυγδάμιος·
715 1225 795 1304 γένος
814 1224 843 1282 δὲ
859 1225 890 1294 ἐξ
904 1223 981 1284 Ἀλι-

182 1317 343 1388 καρνησσοῦ
356 1313 392 1373 τά
405 1311 477 1390 πρδς
486 1311 599 1389 πατρός,
610 1311 646 1371 τά
654 1310 794 1388 μητρόθεν
804 1311 834 1370 δὲ
844 1316 979 1388 Κρῆσσα.

180 1397 331 1479 ἡγεμόνευε
361 1401 391 1459 δὲ
416 1399 661 1477 Ἁλικαρνησσέων
687 1425 719 1458 τε
746 1398 791 1457 καὶ
821 1399 907 1477 Κῴων
934 1401 980 1460 καὶ

180 1488 323 1564 Νισυρίων
336 1513 367 1546 τε
380 1489 427 1546 καὶ
437 1487 614 1562 Καλυμνίων,
625 1487 708 1546 πέντε
719 1487 781 1550 νέας
791 1489 978 1566 παρεχομένη·

180 1573 226 1631 καὶ
239 1574 405 1656 συναπάσης
417 1579 468 1650 τῆς
481 1577 622 1651 στρατιῆς,
637 1573 708 1651 μετά
721 1600 754 1654 γε
767 1573 817 1636 τάς
834 1575 979 1646 Σιδωνίων,

180 1661 242 1724 νέας
264 1661 443 1732 εὐδοξοτάτας
464 1663 621 1741 παρείχετο,
645 1661 754 1721 πάντων
776 1688 807 1720 τε
828 1666 883 1722 τῶν
907 1689 978 1740 συμ-

178 1748 275 1828 μάχων
295 1749 406 1830 γνώμας
426 1750 542 1828 ἀρίστας
556 1749 678 1826 βασιλέϊ
692 1748 933 1818 ἀπεδέξατο·’τῶν
947 1751 978 1812 δὲ

180 1837 314 1906 κατέλεξα
334 1839 440 1898 πολίων
456 1836 633 1919 ῆγεμονεύειν
649 1835 744 1911 αῦτῆν,
762 1835 795 1896 τῦ
813 1831 889 1900 ἔθνος
909 1837 977 1898 ἀπο-

179 1926 269 2000 φαίνω
284 1931 342 1986 πῶν
356 1926 401 1986 έῦν
415 1924 549 2002 Δωρικόν·
569 1925 816 2000 Ἂλικαρνησσῆας
833 1927 884 2000 μὲν
897 1931 976 2002 Τροι-

178 2013 292 2089 ζηνίους,
305 2013 370 2078 τοῦς
380 2014 410 2074 δὲ
420 2013 525 2078 ἄλλους
534 2012 735 2088 Ἐπιδαυρίους.
763 2015 790 2074 ές
798 2013 850 2088 μὲν
860 2013 976 2076 τοσόνδε

177 2099 194 2160 ό
208 2100 334 2164 ναυτικάς
347 2102 470 2179 στρατός
482 2101 596 2179 εἴρηται.

130 2189 188 2247 100
230 2191 271 2252 Ξέ
287 2190 335 2266 ξης
356 2189 393 2259 δὲ,
417 2189 476 2249 ε’πεὶ
513 2188 567 2250 ’ίθ
608 2188 644 2248 σέ
668 2213 699 2246 τε
727 2187 773 2245 καὶ
800 2185 913 2248 διετάθ
958 2188 975 2248 ὁ

268 2216 285 2266 Ρ
502 2215 538 2266 ηΡ
567 2214 607 2265 μη
876 2213 896 2266 Χ
914 2213 932 2263 ⁷!

177 2277 305 2352 στρατός,
329 2276 488 2354 ἐπεθύμησε
510 2276 592 2339 αῦτός
613 2281 705 2352 σφεας
725 2274 889 2344 διεξελάσας
912 2274 975 2350 θεῆ-

177 2364 293 2422 σασθαι·
314 2363 386 2439 μετά
403 2365 432 2423 δὲ
446 2365 535 2423 ἐποίεε
550 2368 646 2433 ταῦτα,
666 2362 712 2421 καὶ
730 2362 908 2431 διεξελαύνων
929 2362 974 2422 ἐπὶ

176 2450 299 2527 ἅρματος
322 2451 399 2529 παρά
420 2453 496 2515 ἔθνος
519 2452 548 2511 ἓν
569 2452 695 2520 ἕκαστον,
720 2449 896 2510 ἐπυνθάνετο·
928 2451 974 2510 καὶ

175 2537 342 2618 ἀπέγραφον
363 2543 389 2598 οἱ
411 2538 631 2620 γραμματισταί·
666 2539 715 2602 ἕως
731 2538 772 2608 Ιέξ
797 2537 924 2617 ἐσχάτων
947 2543 974 2600 ές

176 2625 284 2704 ἔσχατα
297 2625 412 2688 ἀπίκετο
426 2628 535 2703 καὶτῆς
549 2627 635 2686 ἵππου
648 2626 694 2685 καὶ
706 2629 756 2686 τοῦ
769 2627 863 2696 πεζοῦ.
895 2624 931 2689 ώς
944 2625 974 2684 δὲ

174 2712 262 2774 ταῦτά
283 2717 310 2773 οἱ
331 2716 487 2790 ἐπεποίητο,
508 2717 563 2774 τῶν
582 2717 650 2774 νεῶν
670 2714 926 2775 κατελκυσθεισέων
947 2718 974 2785 ές

175 2800 335 2873 θάλασσαν,
351 2804 468 2862 ε’νθαῦτα
480 2801 497 2863 ἀ
510 2803 615 2880 Ξέρξης
626 2802 767 2879 μετεκβὰς
780 2806 810 2860 ε’κ
822 2806 873 2862 τοῦ
886 2801 973 2879 ἅρμα-

172 2915 220 2954 τος
241 2894 268 2953 ές
288 2891 336 2950 νέα
356 2890 496 2966 Σιδωνίην,
516 2891 588 2961 ἵζετο
606 2889 660 2950 ῦπῦ
679 2892 771 2968 σκηνῆ
788 2890 905 2968 χρυσέῃ·
928 2883 982 2949 καὶΔ

173 2979 314 3054 παρέπλεε
327 2977 404 3056 παρῶ
421 2976 472 3041 τάς
489 2976 600 3054 πρώρας
617 2980 673 3037 τῶν
686 2980 761 3046 νεῶν,
776 2981 929 3053 ἐπειρωτῶν
941 3002 973 3036 τε

153 3065 292 3143 ,ἑκάστας
308 3065 410 3143 ὁμοίως
428 3066 474 3124 καὶ
492 3063 543 3125 τδν
559 3063 643 3136 πεζόν
663 3064 709 3122 καὶ
728 3062 972 3144 ἀπογραφόμενος·

172 3153 223 3217 τοίς
235 3154 265 3214 δὲ
278 3154 340 3218 νέας
350 3157 377 3214 οἶ
387 3152 521 3232 ναύαρχοι
534 3150 719 3232 ἀναγαγόντες
728 3149 799 3212 ὅσον
808 3175 839 3209 τε
848 3151 972 3224 τέσσερα

173 3241 283 3318 πλέθρα
296 3241 352 3303 άπῦ
365 3245 415 3302 τοῦ
429 3243 559 3323 αἰγιαλοῦ
573 3236 749 3317 ἀνεκώχευον,
760 3235 809 3300 τὰς
819 3234 930 3314 πρώρας
944 3239 972 3297 ές

1119 137 1131 180 Ι
