2204 3430
173 67 207 114 τι
481 63 665 114 Ἧυοιουοτ
928 62 972 128 [ν.

173 142 305 207 λεύοντος
316 143 479 219 Ἀθηναίων,
491 141 580 220 ὀρθῶς
593 140 628 203 ἂν
641 140 792 222 καλέοιτο)
806 140 932 219 δεύτερον
945 142 973 205 δὲ

176 231 222 290 καὶ
236 231 337 306 τρίτον,
352 229 400 290 ὅτε
414 230 459 290 ἐπὶ
473 229 730 308 Πεισιστρατιδέων
744 229 876 298 ἐξέλασιν
889 229 974 308 όρμη

174 319 266 380 θέντες
283 323 313 376 ἐκ
328 318 458 395 Σπάρτης
476 318 619 378 ἀπίκοντο·
640 319 772 395 τέταρτον
792 317 821 376 δὲ
837 316 909 388 τότε,
929 317 973 378 ὅτε

173 410 200 468 ἐς
213 404 363 466 Ἐλευσῖνα
376 407 540 482 Κλεομένης
560 404 636 486 άγων
649 405 898 480 Πελοποννησίους
915 407 972 466 ἐσέ-

171 494 257 569 βαλε.
299 492 369 554 οὕτω
392 495 525 572 τέταρτον
550 491 614 554 τότε
635 494 754 570 Δωριέες
778 493 923 569 ἐσέβαλον
947 499 973 557 ἐς

172 579 301 656 Ἀθήνας.

124 667 162 728 77
215 669 404 732 Διαλυθέντος
425 667 462 728 ὧν
482 671 534 728 τοῦ
556 666 663 728 στόλου
681 665 781 727 τούτου
801 665 915 737 α’κλεῶς,
933 673 971 728 ἐν·

172 757 260 816 θαῦτα
273 755 417 834 Ἀθηναῖοι
430 757 576 817 τίννυσθαι
589 754 769 832 βουλόμενοι,
781 759 878 833 πρῶτα
888 781 972 832 στρα·
986 759 991 770 ’

169 843 251 920 τηίην
268 849 410 905 ποιεῦνται
433 844 479 904 ἐπὶ
500 843 670 905 Χαλκιδέας·
696 843 814 903 Βοιωτοὶ
840 843 870 902 δὲ
895 845 972 904 τοῖσι

170 933 345 993 Χαλκιδεῦσι
356 932 514 1010 βοηθέουσι
528 931 573 990 ἐπὶ
586 929 637 990 τόν
648 930 781 1008 Εὔριπον·
795 929 972 1008 Ἀθηναίοισι

170 1019 199 1078 δὲ
216 1020 308 1080 ἰδοῦσι
324 1021 388 1084 τοῦς
406 1019 532 1096 βοηθούς
551 1017 626 1087 ἔδοξε
642 1017 779 1095 πρότερον
794 1022 872 1077 τοῖσι
885 1025 969 1077 Βοιω

168 1113 245 1168 τοῖσι
259 1107 277 1184 ἢ
290 1113 366 1168 τοῖσι
380 1108 555 1168 Χαλκιδεῦσι
569 1106 740 1185 ἐπιχειρέειν·
764 1106 973 1183 συμβάλλουσί

171 1221 203 1256 τε
221 1196 255 1271 δὴ
274 1199 351 1256 τοῖσι
364 1199 513 1255 Βοιωτοῖσι
535 1197 561 1254 οἱ
576 1193 727 1270 Ἀθηναῖοι,
742 1194 788 1252 καὶ
809 1197 908 1272 πολλῷ
929 1199 970 1253 ἐκ·

167 1283 305 1360 ράτησαν·
327 1283 415 1360 κάρτα
437 1283 467 1341 δὲ
488 1281 615 1344 πολλοῦς
634 1283 831 1358 φονεύσαντες,
854 1285 969 1342 ἐπτακο-

168 1371 248 1433 σίους
262 1369 352 1430 αὐτῶν
373 1369 543 1450 ἐζώγρησαν.
584 1373 634 1445 τῆς
648 1369 677 1428 δὲ
691 1368 776 1446 αὐτῆς
788 1368 890 1446 ταύτης
903 1369 970 1447 ἡμέ-

166 1483 218 1534 ρης
240 1459 267 1516 οί
286 1456 431 1533 Ἀθηναῖοι
448 1457 596 1534 διαβάντες
618 1462 645 1520 ἐς
665 1457 717 1533 τὴν
739 1456 874 1533 Εὔβοιαν,
897 1483 968 1536 συμ-

166 1543 316 1620 βάλλουσι
336 1544 382 1604 καὶ
401 1549 477 1604 τοῖσι
490 1545 674 1604 Χάλκιδεῦσι·
695 1545 858 1622 νικήσαντες
874 1545 904 1604 δὲ
923 1547 970 1606 καὶ

166 1630 289 1702 τούτους,
303 1634 544 1712 τετρακισχιλίους
558 1633 731 1712 κληρούχους
745 1633 790 1693 ἐπὶ
810 1637 865 1692 τῶν
881 1635 969 1694 ίππο-

169 1721 278 1796 βοτέων
294 1725 330 1800 τῇ
348 1719 426 1799 χώρῃ
444 1722 585 1781 λείπουσι·
607 1723 634 1780 οἱ
650 1721 679 1779 δέ
698 1720 853 1798 ἱπποβόται
873 1723 969 1781 ἐκαλέ-

169 1833 233 1868 οντο
250 1810 277 1868 οἱ
289 1810 392 1888 παχέες
404 1812 459 1869 τῶν
472 1809 644 1868 Χαλκιδέων·
665 1808 749 1872 ὅσους
763 1811 792 1869 δὲ
805 1809 851 1868 καὶ
863 1807 968 1870 τούτων

168 1895 337 1979 ἐζώγρησαν,
352 1895 410 1974 ἅμα
423 1901 499 1957 τοῖσι
513 1901 641 1957 Βοιωτῶν
655 1897 870 1978 ἐζωγρημένοισι
890 1897 968 1976 εἶχον

168 1989 197 2044 ἐν
219 1989 343 2065 φυλακῇ,
364 1991 394 2046 ἐν
414 1985 510 2049 πέδαις
532 1985 677 2062 δήσαντες·
697 1985 788 2066 χρόνῳ
810 1985 839 2044 δὲ
861 1985 967 2046 ἔλυσάν

164 2079 257 2149 σφεας
271 2075 385 2151 διμνέως
395 2073 648 2151 ἀποτιμησάμενοι·
662 2071 712 2136 τάς
725 2073 755 2132 δὲ
768 2073 853 2136 πέδας
866 2071 966 2144 αύτιῦν,

167 2165 197 2220 ἐν
214 2165 282 2238 τῇσι
308 2161 441 2231 ἐδεδέατο,
464 2160 658 2238 ἀνεκρέμασαν
679 2165 707 2224 ἐς
727 2160 778 2236 τὴν
800 2159 965 2238 οἷκρόπολιν·

164 2247 246 2325 αἴπερ
269 2248 309 2306 ἐτι
332 2247 378 2306 καὶ
396 2253 424 2311 ἐς
445 2250 493 2326 ἐμὲ
512 2249 587 2324 ἦσαν
606 2251 776 2326 περιεοῦσαι,
796 2247 966 2326 κρεμάμεναι

164 2339 194 2394 ἐκ
214 2335 328 2415 τειχέων
341 2338 626 2414 περιπεφλευσμένων
640 2337 706 2414 πυρὶ
720 2336 775 2396 ύπδ
787 2339 839 2396 τοῦ
852 2335 965 2412 Μήδου·

164 2422 257 2484 ἀντίον
274 2423 304 2482 δὲ
319 2428 369 2484 τοῦ
385 2423 510 2506 μεγάρου
526 2428 576 2485 τοῦ
595 2424 664 2502 πρός
678 2425 799 2502 ἕσπέρην
811 2425 965 2502 τετραμμέ-

165 2537 214 2571 νου
233 2512 346 2571 καὶτῶν
359 2511 468 2590 λύτρων
480 2511 532 2588 τὴν
548 2512 665 2588 δεκάτην
685 2511 830 2589 ἀνέθηκαν,
843 2511 964 2588 ποιησά·

160 2625 240 2678 μενοι
259 2599 413 2678 τέθριππον
433 2601 566 2679 χάλκεον·
593 2600 626 2660 τό
648 2601 678 2660 δέ
705 2599 855 2679 οἷριστερῆς
880 2599 965 2679 χερός

164 2688 264 2764 ἔστηκε
285 2691 397 2767 πρῶτον
419 2687 524 2749 ἐσιόντι
544 2693 572 2751 ἐς
592 2687 627 2748 τά
646 2687 810 2767 προπύλαια
827 2687 863 2748 τά
880 2691 909 2747 ἐν
926 2688 964 2764 τῇ

578 2775 688 2799 le!

163 2773 310 2854 ἀκροπόλι,
331 2777 533 2858 ἐπιγέγραπται
554 2776 584 2835 δε
606 2803 633 2835 οι
652 2776 739 2836 ταδε·’

234 2908 325 2958 Έθνειι
341 2909 453 2958 Βοιωτῶν
470 2908 509 2956 καὶ
527 2908 667 2956 Χαλκιδέων
683 2908 833 2967 δαμάσαντες

272 2983 356 3031 παῖδες
367 2980 500 3039 ’λθηναίων
517 2980 634 3040 ἔργμασιν
650 2981 675 3027 ἐν
691 2981 805 3040 πολέμου,

238 3056 321 3114 δεσμῷ
332 3055 357 3101 ἐν
375 3051 503 3112 ἀχλυόεντι
521 3051 622 3112 σιδηρέῳ
639 3050 744 3114 ἔσβεσαν
761 3051 837 3114 ὕβριν

272 3129 321 3174 τῶν
338 3125 426 3172 ἵππους
443 3121 544 3181 δεκάτην
560 3123 674 3172 Παλλάδι
689 3123 759 3173 τάσδ’
775 3125 868 3173 ἔθεσαν·

112 3230 300 3312 78Ἀθηναῖοι
322 3233 375 3310 μέν
398 3257 447 3292 νυν
467 3230 594 3308 ηὔξηντο.
636 3233 720 3310 δηλοῖ
740 3233 770 3292 δὲ
796 3233 828 3292 ού
850 3235 910 3300 κατ’
932 3239 964 3297 ἓν
