2204 3430
157 104 268 172 73-76]
469 97 686 153 Μνάσωνα·
931 107 962 152 33

156 189 209 261 μὲν
233 185 267 261 δή
286 183 456 249 α’πελθόιτες
477 189 504 248 ἐς
527 183 580 262 τήν
600 187 713 258 ἑωυτῶν,
728 183 817 247 αἰτίας
836 175 963 264 μεγάλας

158 273 241 353 εἶχον.

198 362 361 438 Κλεομένης
388 362 417 420 δὲ
445 361 630 438 ἐπιστάμενος
656 359 859 437 τεριῦβρίσθαι
881 361 1009 422 ἔπεσι74

157 449 203 508 καὶ
217 451 325 531 ἔργοισι
344 448 391 508 ὑπ’
410 448 574 526 Ἀθηναίων,
589 450 723 529 συνέλεγε
744 453 774 507 ἐκ
795 447 891 522 πάσης
904 455 959 508 Πε-

156 537 336 614 λοποννήσου
361 537 492 614 στρατόν,
517 537 550 596 οὗ
573 537 685 615 φράζων
710 542 737 599 ἐς
758 535 792 596 τό
814 538 959 616 συλλέγει,

156 626 296 686 τίσασθαί
312 651 344 686 τε
365 626 468 685 ἐθέλων
488 625 538 684 τόν
555 625 644 702 δῆμον
660 629 715 684 τῶν
734 623 896 699 Ἀθηναίων,
911 625 957 683 καὶ

134 741 138 750 ·
156 711 309 795 Ἰσαγόρην
321 713 497 791 βουλόμενος
513 711 647 790 τύραννον
661 716 849 788 καταστῆσαι·
864 713 958 782 συνεξ-

156 803 228 876 ῆλθε
247 801 303 882 γάρ
321 805 347 861 οἱ
366 800 446 865 οὗτος
465 806 495 860 ἐκ
509 805 559 876 τῆς
573 801 753 879 ἀκροπόλιος.
794 801 959 879 Κλεομένης

155 913 187 948 τε
203 889 237 965 δή
257 889 352 968 στόλῳ
370 887 485 969 μεγάλῳ
503 889 627 964 ἐσέβαλε
645 893 672 950 ἐς
687 886 847 957 Ἐλευσῖνα,
862 889 908 946 καὶ
928 891 955 947 οἱ

157 977 276 1036 Βοιωτοὶ
289 975 345 1035 οἷπδ
360 975 537 1052 συνθήματος
547 974 650 1050 Οἰνόην
659 975 784 1050 αἱρέουσι
796 975 841 1031 καὶ
850 973 957 1044 Ὑσιάς,

157 1063 262 1141 δήμους
281 1063 346 1126 τούς
366 1063 503 1142 ἐσχάτους
523 1067 574 1138 τῆς
591 1061 730 1136 Ἀττικῆς·
755 1061 907 1124 Χαλκιδέες
927 1088 958 1122 τε

158 1153 204 1210 ἐπὶ
223 1151 260 1212 τά
279 1153 358 1229 ἔτερα
378 1153 504 1212 ἐσίνοντο
523 1149 645 1213 ἐπιόντες
663 1148 793 1231 [χώρους]
811 1153 861 1225 τῆς
876 1147 965 1209 Ἀττι-

157 1244 216 1316 κῆς.
243 1239 386 1316 Ἀθηναῖοι
400 1241 438 1310 δὲ,
453 1241 551 1317 καίπερ
566 1237 731 1316 ἀμφιβολίῃ
743 1237 879 1316 ἐχόμενοι,
894 1243 958 1296 Βοι-

156 1333 233 1388 ωτῶν
244 1331 297 1406 μὲν
307 1329 352 1388 καὶ
362 1329 525 1388 Χαλκιδέων
539 1333 566 1391 ἐς
580 1327 698 1404 ὕστερον
712 1327 832 1403 ἔμελλον
844 1325 957 1404 μνήμην

156 1415 336 1492 ποιήσεσθαι·
352 1415 613 1493 Πελοποννησίοισι
623 1415 661 1484 δὲ,
673 1417 751 1474 ἐοῦσι
765 1419 794 1474 ἐν
803 1413 955 1484 Ἐλευσῖνι,

156 1503 236 1566 ἀντία
250 1507 343 1566 ἔθεντο
356 1506 391 1566 τοὶ
405 1505 492 1566 ὅπλα.
534 1503 707 1573 Μελλόντων
726 1503 755 1562 δὲ
771 1503 907 1582 συνάψειν
920 1502 955 1563 τά
965 1504 1002 1564 75

157 1593 334 1671 στρατόπεδα
348 1599 375 1658 ἐς
387 1593 491 1673 μάχην,
504 1593 649 1670 Κορίνθιοι
662 1593 714 1668 μὲν
724 1595 829 1668 πρῶτοι
838 1592 895 1668 σφὶ
908 1590 955 1650 αὖ·

155 1684 232 1740 τοῖσι
245 1680 337 1746 δόντες
347 1681 436 1762 λόγον
451 1681 485 1745 οἷς
499 1680 531 1740 οὐ
545 1685 651 1740 ποιοῖεν
661 1679 697 1740 τοὶ
708 1679 807 1750 δίκαια,
816 1679 956 1757 μετεβόλ-
968 1709 972 1718 ·

155 1767 241 1828 λοντό
253 1794 284 1828 τε
298 1769 344 1827 καὶ
359 1768 595 1830 ἀπαλλάσσοντο·
615 1767 687 1844 μετά
706 1767 743 1838 δὲ,
759 1767 927 1845 Δημάρητος
940 1767 956 1828 ὅ

155 1852 331 1932 Ἀρίστωνος,
350 1856 400 1916 ἐών
422 1857 468 1914 καὶ
490 1853 570 1918 οὗτος
590 1853 732 1931 βασιλεῦς
752 1857 955 1930 Σπαρτιητέων,

155 1944 202 2002 καὶ
217 1942 414 2024 συνεξαγαγών
434 1967 465 2002 τε
480 1941 532 2016 τῆν
549 1940 685 2018 στρατιήν
704 1945 733 1998 ἐκ
750 1941 957 2018 Λακεδαίμονος

156 2030 203 2091 καὶ
216 2028 266 2088 οὐκ
280 2029 331 2088 ἐων
344 2029 478 2106 διάφορος
491 2031 570 2106 ἐντῷ
583 2027 710 2106 πρόσθεν
725 2027 816 2108 χρόνῳ
829 2029 956 2106 Κλεομέ-

156 2123 206 2175 νεϊ·
228 2115 296 2196 (οἱπό
311 2116 340 2174 δὲ
352 2114 454 2192 ταύτης
466 2119 517 2192 τῆς
530 2115 714 2195 διχοστασίης
727 2117 807 2193 ἐτέθη
821 2115 907 2194 νόμος
927 2123 955 2179 ἐν

156 2202 281 2284 Σπάρτη,
294 2204 335 2282 μή
350 2205 449 2275 ἐξεῖναι
464 2205 581 2266 ἔπεσθαι
602 2205 779 2293 α’μφοτέροης
791 2205 857 2269 τούς
868 2208 953 2284 βασι·

153 2296 227 2369 λῆας
245 2293 373 2371 ἐξιούσης
394 2298 444 2370 τῆς
466 2299 609 2372 στρατιῆς·
633 2295 700 2358 τέως
720 2294 774 2376 γοῖρ
796 2295 953 2374 ἀμφότεροι

154 2382 276 2442 εἵποντο·
298 2383 513 2461 παραλυομένου
527 2383 556 2442 δέ
568 2382 673 2443 τούτων
688 2387 739 2442 τοῦ
756 2384 858 2460 ἐτέρου,
873 2410 954 2444 κοτα-

154 2471 303 2532 λείπεσθαι
317 2471 363 2530 καὶ
376 2475 431 2530 τῶν
444 2471 629 2548 Τυνδαριδέων
641 2469 691 2530 τόν
708 2471 811 2548 ἕτερον·
832 2472 887 2549 πρὸ
903 2475 954 2532 τοῦ

153 2557 208 2638 γάρ
222 2556 257 2635 δή
276 2559 322 2618 καὶ
338 2556 414 2618 οὗτοι
433 2552 598 2635 ἀμφότεροι,
613 2559 760 2635 ἐπίκλητοί
778 2565 834 2636 σφι
852 2560 950 2630 ἐόντες,

154 2645 286 2727 εἵποντο)
307 2645 372 2707 τότε
385 2646 419 2722 δή
434 2651 463 2706 ἐν
476 2650 512 2724 τῆ
525 2645 667 2706 Ἐλευσῖνι
675 2646 805 2724 ὁρέωντες
815 2650 842 2706 οἱ
855 2649 953 2708 λοιποὶ

153 2735 208 2790 τῶν
222 2733 379 2813 συμμάχων
391 2734 456 2798 τούς
467 2758 498 2793 τε
508 2735 655 2810 βασιλῆας
663 2740 718 2795 τῶν
728 2735 952 2813 Λακεδαιμονίων

154 2817 205 2878 οὐκ
232 2818 437 2901 ὁμολογέοντας
464 2821 510 2880 καὶ
531 2823 696 2899 Κορινθίους
718 2822 882 2885 ἐκλιπόντας
901 2822 953 2896 τήν

153 2905 241 2976 τάξιν,
257 2907 368 2984 οἴχοντο
382 2910 428 2967 καὶ
446 2907 524 2969 αὐτοὶ
544 2907 810 2986 ἀπαλλασσόμενοι.
851 2909 951 2981 Τέταρ-
961 2906 999 2965 76

152 3020 202 3056 τον
219 2994 253 3072 δή
271 2999 355 3056 τοῦτο
372 2997 417 3056 ἐπὶ
435 2996 486 3074 τήν
498 2995 629 3072 Ἀττικήν
648 2995 811 3072 ἀπικόμενοι
828 2992 953 3065 Δωριέες,

153 3089 193 3156 δίς
205 3118 237 3153 τε
250 3092 296 3152 ἐπὶ
310 3092 425 3171 πολέμῳ
439 3091 611 3168 ἐσβαλόντες
625 3091 670 3150 καὶ
684 3091 725 3152 δὶς
739 3087 780 3146 ἐπ’
795 3084 890 3162 ἀγαθῷ
903 3083 953 3138 τοῦ

151 3181 276 3258 πλήθεος
297 3184 348 3242 τοῦ
366 3178 529 3256 Ἀθηναίων·
553 3184 663 3257 πρῶτον
684 3178 744 3252 μὲν,
764 3170 811 3228 ὅτε
833 3166 878 3234 ,Καὶ
894 3166 951 3222 Μέ-

151 3295 226 3351 γαρα
240 3271 413 3333 κατοίκισαν·
429 3265 521 3346 (οὗτος
534 3267 550 3328 ό
565 3265 679 3332 στόλος,
688 3261 734 3319 ε’πῖ
742 3253 854 3326 Κόδρου
867 3251 931 3324 βασ
932 3276 937 3306 ¹
