2280 3432
164 89 210 136 216
265 149 270 158 ⁴
469 85 649 136 Ἦεοοοτον
887 86 961 150 [vn.

163 169 213 226 τοῦ
226 165 373 246 γεγονότος
386 165 516 240 βασιλέϊ·
537 163 610 224 ὥστε
623 168 711 224 ταῦτα
723 165 860 246 λέγοντες,
874 191 962 243 περιε-

164 255 282 334 γίνοντο·
297 253 373 331 εἶχον
385 251 440 332 γάρ
452 253 497 312 καὶ
508 251 674 314 Θεσσαλούς
687 255 742 311 τῶν
756 253 848 334 λόγων
860 253 963 315 τούτων
1068 303 1078 308 -
1128 289 1129 294 ·

139 339 373 422 ’μάρτυραςᾈού
394 341 489 418 μέντοι
508 339 544 400 τά
567 367 600 421 γε
620 339 712 400 πάντα
734 339 899 419 εύτύχησαν·
929 342 963 406 ὦς
978 303 1063 434 [ff

163 427 218 509 γάρ
233 428 331 492 αύτούς
345 429 451 503 ἔλαβον
468 432 495 488 οἱ
515 429 661 506 βάρβαροι
680 428 821 498 ἐλθόντας,
836 429 900 492 τούς
912 433 964 506 μέν
1128 441 1129 452 ²

164 542 239 579 τινας
264 517 308 576 καὶ
329 515 492 576 άπέκτειναν
512 516 688 593 προσιόντας,
709 517 774 579 τούς
794 517 823 576 δὲ
843 521 964 582 πλεῦνας

164 602 261 677 αύτῶν,
283 603 466 666 κελεύσαντος
486 604 601 681 Ξέρξεω,
620 604 728 674 ἔστιζον
748 605 890 684 στίγματα
909 607 962 680 βα-

165 691 273 766 σιλήῖα,
294 691 443 768 ἀρξόμενοι
463 691 520 751 α’πό
535 695 586 752 τού
603 694 763 773 στρατηγοῦ
784 693 961 752 Λεοντιάδεω·

164 783 215 838 τοῦ
232 779 282 838 τόν
299 780 385 838 παῖδα
401 779 568 858 Εὐρύμαχον
586 779 678 858 χρόνῳ
691 781 838 856 μετέπειτα
853 780 963 854 ἐφόνευ-

165 893 220 926 σαν
244 868 407 938 Πλαταιέες,
436 867 673 948 στρατηγήσαντα
700 867 804 944 άνδρῶν
831 869 962 943 Θηβαίων

164 957 348 1032 τετρακοσίων
362 957 408 1015 καὶ
422 956 529 1034 σχόντα
542 955 575 1016 τό
589 955 661 1015 ἄστυ
674 955 707 1015 τό
722 955 892 1015 Πλαταιέων.

117 1044 177 1102 234
213 1046 250 1102 Οἱ
262 1047 313 1120 μὲν
326 1043 360 1119 δή
376 1045 439 1120 περὶ
456 1043 641 1120 Θερμοπύλας
652 1043 792 1118 Ἕλληνες
809 1043 879 1102 ούτω
892 1041 963 1124 η’γω·

164 1131 288 1192 νίσοντο·
323 1132 428 1209 Ξέρξης
453 1132 483 1190 δὲ
509 1132 633 1192 καλέσας
657 1129 835 1206 Δημάρητον,
867 1130 963 1206 εἰρώτα

166 1217 319 1296 αἷρξάμενος
339 1220 455 1280 ἐνθένδε·
484 1229 501 1254 “
510 1217 669 1295 Δημάρητε,
695 1217 765 1294 άνήρ
787 1217 825 1280 εἷς
849 1216 962 1299 άγαθός·

164 1309 346 1383 τεκμαίρομαι
362 1305 392 1364 δὲ
412 1311 448 1384 τῇ
466 1305 505 1366 άλ
524 1307 598 1383 θηίη·
623 1304 679 1364 ὅσα
694 1303 749 1384 γάρ
770 1303 856 1374 εἶπας,
878 1305 963 1366 ἅπαν-

163 1420 199 1452 τα
218 1393 313 1470 ἀπέβη
327 1393 407 1454 οὕτω·
433 1398 482 1454 νῦν
496 1333 573 1491 &Qu
587 1395 654 1463 εἰπὲ,
678 1392 760 1452 κόσοι
779 1393 851 1456 τινές
868 1398 923 1452 εἶσι
937 1396 963 1454 οἱ

164 1482 260 1541 λοιποὶ
286 1480 509 1557 Λακεδαιμόνιοι,
532 1481 578 1538 καὶ
599 1480 702 1540 τούτων
723 1479 822 1542 ὁκόσοι
842 1485 963 1541 τοιοῦτοι

163 1569 199 1628 τοὶ
225 1570 355 1644 πολέμια,
384 1569 438 1628 εἴτε
466 1568 512 1628 καὶ
535 1567 683 1637 άπαντες;”
718 1568 734 1628 ό
759 1567 782 1626 δ’
811 1567 879 1627 εῗπε·
916 1567 963 1627 “ὦ

164 1655 298 1731 βασιλεῦ,
323 1657 429 1730 πλῆθος
454 1657 506 1732 μὲν
531 1654 640 1715 πάντων
663 1659 718 1715 τῶν
740 1656 963 1733 Λακεδαιμονίων

164 1743 275 1803 πολλόν
297 1743 343 1802 καὶ
364 1742 446 1806 πόλις
468 1743 584 1812 πολλοὶ,
606 1741 638 1802 τό
662 1743 691 1801 δὲ
710 1744 802 1806 θέλεις
820 1745 963 1818 ἐκμαθέειν

165 1830 291 1906 εἰδήσεις
323 1832 384 1890 ἔστι
411 1836 439 1891 ἐν
460 1833 496 1908 τῇ
517 1829 703 1906 Λακεδαίμονι
730 1830 854 1908 Σπάρτη,
880 1831 963 1895 πόλις

164 1917 270 1996 ἀνδρῶν
283 1918 498 1998 ὀκτακισχιλίων
508 1917 634 1995 μάλιστά
647 1943 692 1994 κη·
707 1915 783 1978 οὗτοι
796 1917 897 1981 πάντες
908 1921 963 1978 εἰσὶ

163 2005 257 2083 ὁμοῖοι
269 2010 345 2067 τοῖσι
362 2006 458 2068 ἐνθάδε
471 2007 706 2085 μαχεσαμένοισι·
727 2006 757 2064 οἵ
767 2031 801 2086 γε
813 2009 865 2082 μὲν
878 2005 963 2065 ἄλλοι

164 2094 378 2172 Λακεδαιμόνιοι
394 2095 521 2156 τούτοισι
537 2097 588 2170 μὲν
607 2092 657 2152 ούκ
674 2092 775 2168 ὁμοῖοι,
789 2091 891 2172 ἀγαθοὶ
906 2092 961 2153 δέ.”

164 2181 224 2241 εἶπε
244 2181 314 2259 πρός
333 2186 421 2242 ταῦτα
441 2181 556 2257 Ξέρξης·
585 2191 603 2217 “
612 2179 773 2256 Δημάρητε,
792 2181 845 2258 τέῳ
868 2179 962 2261 τρόπῳ

164 2267 359 2345 ἀπονητότατα
384 2273 439 2328 τῶν
465 2267 571 2344 ἀνδρῶν
597 2268 701 2327 τούτων
728 2267 961 2344 ε’πικρατήσομεν;

163 2358 202 2416 ’ίθι
222 2357 329 2437 ἐξηγέο·
351 2356 388 2416 σύ
407 2357 462 2437 γάρ
484 2357 555 2434 ἔχεις
575 2354 664 2415 αὐτῶν
684 2354 734 2418 τοὶς
754 2355 892 2425 διεξόδους
908 2361 963 2416 τῶν

116 2447 174 2503 235
183 2443 391 2520 βουλευμάτων,
419 2444 465 2502 οἶα
491 2443 631 2519 βασιλεύς
657 2441 828 2524 γενόμενος.”
871 2442 906 2501 ‘0
934 2444 963 2506 δὲ

162 2531 306 2608 ἀμείβετο·
328 2540 345 2566 “
355 2529 376 2589 ὦ
388 2532 521 2607 βασιλεῦ,
538 2535 562 2590 εἰ
574 2533 626 2609 μὲν
639 2531 673 2606 δή
692 2529 905 2607 συμβουλεύεαί
914 2555 963 2606 μοι

162 2618 318 2696 προθύμως,
332 2618 438 2680 δίκαιόν
450 2619 488 2696 με’
503 2619 554 2679 ι’τοί
569 2623 631 2680 ἐστι
649 2618 766 2695 φράζειν
784 2617 817 2678 τό
836 2619 962 2693 ἄριστον.

162 2709 186 2764 εί
203 2710 253 2781 τῆς
271 2712 398 2784 ναυτικῆς
420 2711 554 2785 στρατιῆς
572 2707 633 2768 νέας
653 2707 815 2782 τριηκοσίας
832 2704 966 2765 άποστεί

162 2797 239 2857 λειας
259 2796 305 2854 ε’πὶ
324 2795 376 2870 την
403 2794 545 2854 Λάκαιναν
565 2793 667 2872 χώρην·
695 2793 757 2854 ἔστι
777 2792 807 2852 δὲ
830 2792 872 2852 ἐπ’
893 2791 964 2870 αὐτῇ

162 2883 248 2956 νῆσος
279 2882 436 2958 ἐπικειμένη
469 2885 505 2960 τῇ
533 2879 638 2957 οὔνομά
665 2885 726 2940 ε’στι
757 2879 884 2956 Κύθηρα,
911 2878 973 2956 τήν,

163 2969 267 3038 Χίλων,
282 2967 351 3046 α’νηρ
365 2967 431 3046 παρ’
444 2967 512 3045 ήμῖν
525 2967 692 3042 σοφώτατος
701 2965 856 3047 γενόμενος,
868 2967 963 3045 κέρδος

161 3056 253 3130 μέζον,
272 3058 335 3133 ἔφη,
357 3055 427 3116 εἶναι
448 3054 642 3132 Σπαρτιήτῃσι
660 3052 731 3114 κατά
747 3056 797 3129 τῆς
814 3053 963 3128 θαλάσσης

162 3143 371 3204 καταδεδυκέναι
392 3145 505 3220 μᾶλλον
525 3139 544 3217 ἢ
565 3141 718 3220 ὑπερέχειν,
741 3142 797 3200 αἰεί
820 3165 848 3200 τι
874 3163 962 3215 προσ-

162 3223 249 3287 δοκῶν
261 3229 309 3287 ἀπ’
323 3229 408 3304 αὐτῆς
420 3231 530 3288 τοιοῦτο
544 3228 661 3288 ἔσεσθαι
674 3225 733 3286 οἷόν
745 3251 773 3285 τι
786 3225 840 3303 byn}
853 3225 963 3304 ἐξηγέο-
