2240 3424
156 96 264 164 ια-ω]
472 95 659 144 mmmm.
910 97 955 148 ἰω

156 180 251 255 μέντοι
272 178 357 238 ἵππος
375 175 395 250 ἧ
415 175 577 250 Μαρδονίου
598 174 651 233 αἰεὶ
671 177 838 254 προσέκειτό
860 203 892 236 τε
912 179 957 237 καὶ

157 264 256 324 ἐλύπεε
269 261 494 338 τοῦςἝλληνας·
517 266 543 321 οἱ
555 261 612 344 γάρ
623 264 755 340 Θηβαῖοι,
770 262 818 322 ἅτε
831 263 958 340 μηδίζον-

156 377 201 416 τες
223 351 361 434 μεγάλως,
385 351 534 428 προθύμως
559 352 659 428 ἔφερον
680 351 731 411 τόν
751 351 885 429 πόλεμον,
912 352 957 412 καὶ

158 441 210 499 αἰεὶ
237 440 404 521 κατηγέοντο
426 439 510 518 μέχρι
536 438 638 519 μάχης·
673 439 707 500 τό
729 439 758 498 δὲ
781 438 837 498 α’πδ
859 440 958 500 τούτου

157 527 376 606 παραδεκόμενοι
392 527 502 604 Πέρσαι
514 552 546 587 τε
559 528 604 586 καὶ
623 527 726 604 Μῆδοι,
741 526 820 604 μάλα
836 527 919 588 ἔσκον
933 527 960 588 οἳ

116 673 121 682 ,
158 615 350 675 ἀπεδείκνυντο
363 613 471 691 ἀρετάς.

198 705 293 781 Μέχρι
306 703 357 778 μέν
371 727 419 762 νυν
432 705 486 762 τῶν
500 701 566 760 δέκα
578 701 702 779 ἡμερέων
716 703 795 764 οὐδὲν
812 705 858 763 ἐπὶ
870 708 959 764 πλεῦν
969 704 1004 762 41

158 791 263 870 ἐγίνετο
276 789 389 848 τούτων·
412 789 447 852 ὦς
459 789 489 848 δέ
504 789 632 865 ἑνδεκάτη
646 791 771 870 ἐγεγόνεε
783 791 873 868 ἡμέρη
887 791 958 850 άντι-

159 878 341 953 κατημένοισι
354 881 383 936 ἐν
397 881 563 955 Πλαταιῇσι
578 877 608 935 οἵ
622 903 653 936 τε
666 877 700 952 δή
709 875 848 952 Ἕλληνες
861 883 960 958 πολλῷ

158 967 274 1027 πλεῦνες
296 962 470 1044 ἐγεγόνεσαν,
492 965 538 1022 καὶ
553 963 713 1040 Μαρδόνιος
730 966 909 1040 περιημέκτεε
925 993 959 1046 τη

159 1051 232 1129 ἕδρῃ,
261 1051 378 1110 ἐνθαῦτα
406 1055 433 1112 ἐς
460 1049 563 1131 λόγους
589 1050 679 1126 ἦλθον
706 1051 864 1128 Μαρδόνιός
888 1079 919 1112 τε
942 1053 958 1112 ό

159 1138 295 1215 Γοβρύεω
310 1139 356 1196 καὶ
364 1137 540 1216 Ἀρτάβαζος
551 1138 566 1198 ό
576 1139 741 1216 Φαρνάκεος,
751 1138 782 1201 ός
792 1143 821 1198 ἐν
830 1138 959 1220 -όλίγοισι

159 1227 293 1302 Περσέων
313 1225 349 1302 ἦν
369 1225 439 1304 ἀνὴρ
461 1224 574 1303 δόκιμος
597 1225 674 1303 παραὶ
695 1227 795 1306 Ξέρξη·
824 1227 959 1302 βουλευο·

158 1313 247 1390 μένων
263 1314 293 1373 δέ
311 1313 371 1372 αἵδε
389 1313 464 1389 ἦσαν
481 1317 510 1372 αἱ
528 1319 645 1394 γνῶμαι·
666 1313 685 1390 ἦ
704 1316 756 1391 μὲν
773 1313 959 1392 Ἀρταβάζου,

160 1401 196 1466 ὦς
210 1402 294 1482 χρεόν
309 1403 351 1478 εἴη
365 1401 564 1474 ἀναζεύξαντας
578 1401 630 1478 την
647 1402 786 1480 ταχίστην
802 1403 893 1462 πάντα
909 1403 959 1463 τόν

160 1491 289 1568 στρατόν,
311 1490 379 1550 ίέναι
395 1495 422 1554 ἐς
431 1489 468 1550 ’τό
487 1495 579 1569 τεῖχος
596 1490 629 1550 τό
643 1492 784 1567 Θηβαίων,
800 1492 864 1551 ἔνθα
878 1491 958 1551 σῖτόν

159 1580 191 1639 τέ
209 1585 266 1656 σφι
284 1579 474 1658 ἐσενηνεῖχθαι
493 1578 604 1639 πολλόν
623 1579 669 1638 καὶ
685 1578 788 1658 χόρτον
804 1583 881 1640 τοῖσι
893 1579 959 1640 ύπο-

159 1668 289 1750 ζυγίοισι·
310 1666 369 1727 κατ’
385 1667 507 1746 ἡσυχίην
523 1693 554 1727 τε
574 1667 714 1745 ἱζομένους
732 1667 959 1745 διαπρήσσεσθαι

160 1761 304 1819 ποιεῦντας
323 1754 398 1815 τάδε·
420 1757 493 1834 ἔχειν
509 1755 565 1836 γάρ
582 1754 691 1834 χρυσόν
706 1755 818 1816 πολλόν
838 1759 889 1834 μὲν
903 1757 958 1815 ἐπί-

160 1840 261 1920 σημον,
283 1842 394 1902 πολλόν
415 1843 445 1901 δὲ
466 1843 512 1900 καὶ
531 1841 651 1917 άσημον,
667 1842 779 1902 πολλόν
797 1842 827 1901 δὲ
847 1844 893 1901 καὶ
913 1841 959 1918 ἅρ-

160 1929 244 2009 γυρόν
254 1955 285 1990 τε
295 1929 341 1988 καὶ
355 1928 513 2004 ἐκπώματα·
528 1928 633 1988 τούτων
644 1928 825 2004 φειδομένους
833 1929 959 2006 μηδενός,

161 2017 325 2093 διαπέμπειν
339 2021 366 2078 ἐς
380 2015 445 2078 ποῦς
458 2015 610 2091 Ἕλληνας,
624 2014 770 2090 Ἑλλήνων
788 2016 818 2074 δὲ
834 2016 961 2092 μάλιστα

161 2108 188 2167 ἐς
208 2103 274 2166 τοῦς
294 2106 486 2180 προεστεῶτας
510 2108 540 2162 ἐν
559 2107 628 2181 τῇσι
649 2102 760 2163 πόλισι·
790 2104 835 2163 καὶ
855 2105 960 2183 ταχέως

161 2193 252 2269 σφέας
278 2190 454 2270 παροδεύσειν
480 2190 531 2267 τὴν
561 2191 728 2268 ἐλευθερίην·
755 2191 826 2270 μηδὲ
852 2191 959 2252 άνακιν·

161 2280 279 2341 δυνεύειν
305 2279 537 2358 συμβάλλοντας.
578 2278 678 2340 τούτου
700 2281 753 2356 μέν
776 2306 825 2342 νυν
846 2279 865 2358 ἦ
889 2280 958 2356 αὕτη

161 2370 265 2450 ἐγίνετο
279 2369 324 2428 καὶ
337 2369 470 2445 Θηβαίων
482 2365 587 2450 γνώμη,
607 2367 642 2431 ὥς
660 2367 820 2444 προειδότος
832 2372 921 2428 πλεῦν
932 2394 960 2428 τι

161 2459 206 2516 καὶ
224 2457 332 2518 τούτου·
353 2457 515 2535 Μαρδονίου
533 2455 563 2514 δέ
581 2456 746 2535 ἰσχυροτέρη
764 2482 795 2517 τε
814 2457 860 2516 καὶ
873 2457 959 2538 αἶγνω-

161 2547 323 2623 μονεστέρη,
338 2547 384 2605 καὶ
397 2545 523 2623 οὐδαμῶς
536 2545 793 2626 συγγινωσκομένη·
812 2545 917 2606 δοκέειν
929 2571 959 2605 τε

161 2632 215 2713 γάρ
232 2637 330 2711 πολλῷ
348 2635 490 2710 κρέσσονα
509 2633 577 2693 εἶναι
594 2632 646 2708 την
664 2634 805 2710 σφετέρην
826 2633 960 2712 στρατιήν

161 2723 212 2796 τῆς
223 2720 398 2797 Ἑλληνικῆς,
415 2721 597 2798 συμβάλλειν
614 2747 645 2780 τε
662 2721 715 2798 τὴν
729 2723 877 2800 ταχίστην,
890 2721 960 2798 μηδὲ

162 2812 294 2886 περιορᾶν
307 2810 531 2889 συλλεγομένους
545 2810 584 2869 ἔτι
597 2813 718 2872 πλεῦνας
732 2813 787 2870 τῶν
805 2813 961 2888 συλλελεγ-

161 2896 259 2972 μένων·
279 2895 316 2956 τά
327 2921 358 2956 τε
371 2896 484 2976 σφάγια
495 2897 531 2956 ταὶ
543 2896 774 2978 Ἡγησιστράτου
785 2900 833 2956 ἐᾶν
845 2897 960 2974 χαίρειν·

162 2984 233 3061 μηδὲ
245 2984 404 3060 βιάζεσθαι,
414 2983 493 3044 άλλαὶ
505 2985 580 3065 νόμῳ
592 2989 631 3064 τῷ
644 2985 778 3062 Περσέων
790 2983 961 3064 χρεωμένους

163 3071 354 3149 συμβάλλειν.
394 3071 501 3132 Τούτου
514 3074 544 3132 δὲ
560 3071 631 3141 οὕτω
646 3073 813 3135 δικαιεῦντος
830 3070 1008 3152 άντέλεγε42

164 3159 259 3232 οὐδεὶς,
274 3161 347 3222 ὥστε
360 3160 471 3239 ἐκράτεε
486 3165 522 3240 τῇ
537 3160 643 3242 γνώμη·
663 3158 697 3220 τδ
715 3159 769 3240 γάρ
791 3157 890 3235 κράτος
904 3157 962 3236 εἶχε

163 3253 213 3377 ηῆΙς
228 3255 361 3328 στρατιῆς
379 3248 459 3313 οὗτος
481 3253 510 3308 ἐκ
533 3249 681 3326 βασιλέος,
702 3246 768 3306 ἀλλ’
790 3247 839 3307 οῦκ
862 3245 961 3326 Ἀρτά·

204 3339 276 3386 ι“·24
