2204 3430
147 93 179 140 ιι
457 87 638 137 υινοιουου
907 87 952 152 ιν.

147 171 198 243 τῆς
211 166 342 248 γυναικδς
355 164 411 225 οὐδ’
427 165 458 235 ἐξ
470 165 561 242 ἅλλης
571 165 667 228 παῖδες
682 166 813 246 ἐγίνοντο.
843 165 953 244 ἐστάλη

146 253 184 314 ὧν
202 259 229 317 ἐς
245 253 378 329 Δελφούς
393 253 458 330 περὶ
477 252 571 334 γόνου·
594 251 706 312 ἐσιόντα
725 251 754 310 δὲ
767 250 853 314 αύτδν
874 253 953 318 ἰθέως

138 340 165 418 ἤ
179 343 273 417 Πυθίη
286 340 490 423 προσαγορεύει
503 341 609 402 τοισιδε
621 344 698 401 τοῖσι
712 341 804 400 ἔπεσι·

193 455 302 516 Ἠετίων,
317 457 380 505 οὔτις
391 474 420 505 σε
430 457 476 504 τίει
487 457 616 505 πολύτιτον
628 455 706 514 έίντα,

194 529 281 590 Λάβδα
291 530 347 588 κύει,
360 529 423 587 τέξει
435 526 456 576 δ’
466 529 626 590 ὀλοοίτροχον·
639 528 663 576 έν
676 529 701 575 δὲ
712 527 825 576 τεσεΐται

194 599 293 662 ἀνδράσι
302 599 466 662 μουνάρχοισι,
481 601 601 648 δικαιώσει
613 600 639 648 δέ
650 599 774 661 Κόρινθον.

144 705 232 763 ταῦτα
246 701 407 782 χρησθέντα
420 705 458 780 τῷ
471 701 598 762 Ἠετίωνι
611 698 815 782 ἐξαγγέλλεταί
826 724 880 762 κως
891 703 949 760 τοῖ-

144 815 176 850 σι
200 789 385 868 Βακχιάδῃσι,
407 792 484 848 τοῖσι
506 788 540 851 τδ
563 791 615 866 μὲν
636 788 772 866 πρότερον
794 785 947 867 γενόμενον

143 877 316 958 χρηστήριον
338 881 366 941 ἐς
390 876 529 954 Κόρινθον
547 875 726 953 ἦνᾶσημον,
750 875 839 951 φέρον
861 901 895 935 τε
920 879 949 938 ἐς

146 960 232 1026 τῶυτὸ
246 967 292 1026 καὶ
304 967 336 1027 τδ
350 969 400 1026 τοῦ
413 964 562 1028 Ἠετίωνος
575 965 621 1023 καὶ
635 964 720 1044 λέγον
733 960 794 1022 ὦδε·

192 1085 276 1134 Αίετδς
288 1086 311 1133 ἐν
323 1085 426 1146 πέτρῃσι
436 1083 493 1130 κύει·
506 1082 569 1140 τέξει
581 1082 607 1129 δέ
618 1080 706 1129 λέοντα

192 1158 311 1218 καρτερὸν,
327 1155 450 1214 ὠμηστήν·
463 1155 562 1201 πολλῶν
573 1152 595 1200 δ’
604 1153 650 1200 ὑπδ
661 1154 768 1213 γούνατα
779 1153 857 1200 λύσει·

191 1229 270 1275 ταῦτά
281 1245 321 1277 νυν
333 1229 358 1274 εὖ
370 1227 499 1288 φράζεσθε,
516 1223 644 1285 Κορίνθιοι,
660 1224 682 1270 οἳ
694 1223 748 1282 περὶ
759 1223 842 1280 καλὴν·

191 1297 307 1359 Πειρήνην
319 1299 405 1346 οἰκεῖτε
418 1297 458 1344 καί
470 1295 601 1357 ὀφρυόεντα
613 1295 735 1356 Κόρινθον.

141 1395 224 1451 τοῦτο
240 1393 291 1468 μὲν
305 1391 338 1465 δὴ
352 1395 429 1450 τοῖσι
442 1390 621 1470 Βακχιάδῃσι
640 1391 775 1468 πρότερον
793 1389 946 1470 γενόμενον

143 1477 179 1554 ἦν
200 1478 380 1554 ἀτέκμαρτον·
401 1478 465 1538 τότε
487 1479 524 1548 δέ,
544 1478 577 1538 τδ
594 1477 721 1540 Ἠετίωνι
737 1477 888 1559 γενόμενον
909 1478 946 1542 ὥς

142 1565 285 1634 ἐπύθοντο,
300 1563 397 1624 αὐτίκα
412 1567 458 1625 καὶ
470 1565 503 1626 τό
517 1566 652 1644 πρότερον
666 1570 791 1641 συνῆκαν
813 1564 858 1624 ἐδν
877 1590 944 1626 συν-

141 1653 211 1733 ῳδόν
228 1657 267 1732 τῷ
286 1652 440 1717 Ἠετίωνος·
463 1655 590 1725 συνέντες
606 1655 635 1714 δὲ
649 1653 695 1712 καὶ
707 1657 798 1722 τοῦτο,
814 1651 891 1732 εἶχον
912 1657 944 1713 έν

140 1741 256 1820 ἡσυχίῃ,
270 1740 412 1804 ἐθέλοντες
433 1739 482 1802 τδν
502 1743 647 1817 μέλλοντα
666 1739 793 1800 Ἠετίωνι
809 1741 945 1821 γενέσθαι

139 1828 223 1910 γόνον
245 1829 411 1907 διαφθεῖραι.
456 1827 491 1892 οἷς
518 1828 541 1887 δ’
564 1831 637 1888 ἔτεκε
664 1827 683 1905 ἡ
710 1828 780 1909 γυνη
807 1827 943 1906 τάχιστα,

141 1918 285 1996 πέμπουσι
307 1919 404 1995 σφέων
425 1916 516 1978 αύτῶν
538 1917 604 1976 δέκα
625 1921 653 1980 ές
673 1915 722 1976 τόν
744 1917 831 1993 δῆμον
854 1920 883 1976 ἐν
903 1925 944 1996 τῷ

139 2009 287 2084 κατοίκητο
301 2005 428 2077 Ἠετίων,
447 2005 662 2068 ἀποκτενέοντας
682 2004 715 2064 τό
737 2004 857 2064 παιδίον·
878 2003 942 2064 άπι-

139 2095 251 2170 κόμενοι
264 2095 294 2153 δέ
308 2091 385 2154 οὗτοι
402 2098 429 2158 ἐς
444 2093 496 2168 τὴν
510 2093 632 2168 Πέτρην,
647 2091 693 2151 καὶ
706 2091 893 2168 παρελθόντες
914 2097 943 2156 ἐς

138 2181 190 2256 τὴν
211 2181 300 2256 αύλήν
321 2185 371 2240 τοῦ
392 2180 548 2251 Ἠετίωνος,
570 2180 662 2241 αἴτεον
682 2179 716 2240 τδ
733 2179 854 2240 παιδίον·
875 2181 942 2256 ἡδὲ

139 2267 251 2344 Λάβδα,
267 2266 352 2326 εἰδυῖά
365 2293 396 2327 τε
410 2267 488 2328 οὐδὲν
500 2272 556 2328 τῶν
570 2269 661 2329 εἵνεκα
674 2271 771 2329 ἐκεῖνοι
791 2267 941 2328 ἀπικοίατο

139 2356 185 2414 καὶ
199 2353 336 2414 δοκέουσοί
349 2361 441 2432 σφεας
455 2357 672 2434 φιλοφροσύνης
691 2360 741 2416 τοῦ
762 2354 869 2432 πατρός
888 2355 940 2416 εἶν-

139 2467 188 2501 εκα
201 2443 309 2512 αἰτέειν,
324 2443 452 2520 φέρουσα
472 2445 621 2522 ἐνεχείρισε
642 2444 732 2504 αὐτῶν
751 2445 799 2504 ἐνί·
820 2447 897 2503 τοῖσι
910 2443 941 2502 δὲ

137 2528 193 2607 α’ίρα
212 2529 402 2606 ἐβεβούλευτο
421 2530 479 2596 κατ’
494 2531 566 2604 ὁδόν,
581 2531 632 2592 τόν
652 2535 763 2608 πρῶτον
780 2529 869 2590 αὐτῶν
889 2534 941 2590 λα-

137 2617 229 2694 βόντα
249 2615 284 2680 τό
304 2617 416 2678 παιδίον
437 2619 634 2696 προσουδίσαι·
663 2620 725 2678 ἐπεί
744 2645 776 2679 τε
799 2618 836 2679 ὧν
858 2619 942 2678 ἔδωκε

139 2701 267 2781 φέρουσα
287 2705 306 2780 ἡ
325 2705 437 2782 Λάβδα,
458 2705 509 2766 τδν
529 2706 659 2781 λαβόντα
679 2711 734 2766 τῶν
754 2706 860 2784 α’νδρῶν
879 2707 941 2786 θείῃ

139 2790 209 2869 τύχη
229 2793 428 2872 προσεγέλασε
448 2791 481 2851 τό
499 2793 618 2852 παιδίον·
641 2795 686 2852 καὶ
702 2793 760 2863 τόν,
775 2795 943 2870 φρασθέντα

139 2881 231 2946 τοῦτο,
246 2877 337 2940 οἶκτός
356 2903 398 2940 τις
418 2878 495 2955 ἴσχει
511 2877 680 2938 ἀποκτεῖναι·
703 2882 890 2958 κατοικτείρας
912 2882 943 2940 δὲ

140 2963 288 3039 παραδιδοῖ
306 2967 345 3040 τῷ
364 2963 488 3041 δευτέρῳ·
511 2962 526 3022 ό
549 2963 586 3032 δὲ,
600 2969 638 3042 τῷ
650 2967 741 3044 τρίτῳ·
764 2966 836 3026 οὕτω
851 2967 884 3042 δὴ
903 2968 942 3026 δι-

142 3047 241 3120 εξῆλθε
256 3049 300 3108 διδ
314 3047 423 3107 πάντων
436 3054 491 3107 τῶν
505 3048 570 3106 δέκα
583 3051 811 3126 παραδιδόμενον,
830 3053 945 3119 ούδενδς

143 3132 318 3209 βουλομένου
332 3134 545 3213 διεργάσασθαι·
567 3133 716 3200 ἀποδόντες
737 3138 772 3197 ὦν
793 3139 885 3198 όπίσω
906 3147 944 3219 τῇ

144 3217 262 3294 τεκούσῃ
283 3219 316 3278 τό
340 3217 451 3298 παιδίον
475 3218 521 3275 καὶ
545 3218 702 3285 ἐξελθόντες
725 3224 784 3295 ἔξω,
809 3229 945 3292 ἑστεῶτες
