2294 3430
175 59 220 106 ιιι
485 55 665 104 Ἢςοιουοι·
894 55 972 118 [VlL

172 161 227 213 μου
239 140 338 196 τούτου
352 135 415 196 ούδέ
430 133 654 211 προσδεκόμενον
668 134 753 194 κακὰν
767 132 845 194 οὐδὲν
859 134 973 196 πείσεσ·

174 225 228 294 θαι,
243 223 354 303 ἀγαγὼν
368 223 414 280 καὶ
427 221 541 283 τούτους
554 225 581 281 ἐς
594 219 643 283 τοὶς
660 219 839 297 Συρηκούσας
853 219 973 282 α’πέδοτο

173 309 215 369 ἐπ’
229 310 354 390 ἐξαγωγῇ
372 315 401 369 ἐκ
420 309 556 384 Σικελίης.
599 306 686 367 τώυτό
705 307 735 366 δέ
752 311 836 368 τοῦτο
856 309 902 366 καὶ
919 308 973 369 Ed-

171 398 258 475 βοέας
270 396 335 460 τούς
352 401 381 456 ἐν
397 397 511 474 Σικελίῃ
526 397 649 472 ἐποίησε,
665 395 812 472 διακρίνας·
834 397 923 455 ἐποίεε
943 397 973 456 δέ

171 510 260 544 ταυτα
272 483 386 548 τούτους
400 483 583 560 ἀμφοτέρους,
594 483 712 560 νομίσας
726 483 852 559 δήμον’
826 509 895 542 ειναι
908 511 972 544 συν-

172 572 275 649 οίκημα
288 570 502 650 ἀχαριτώτατον.
544 569 658 648 τοιαύτιρ
671 571 723 645 μὲν
736 568 829 648 τρόπω
842 569 972 646 τύραννος
1036 627 1068 634 Α

173 659 297 740 ἐγεγόνεε
310 661 398 740 μέγας
411 687 427 719 ο
419 657 577 720 Γέλων
588 714 597 734 x
949 639 1085 774 βίλᾼί

126 748 181 806 157
212 745 281 806 Τότε
298 747 370 816 δὲ,
350 773 385 810 ως
401 774 428 808 οι
419 745 617 828 Ηᾶγγελοι
578 773 633 807 των
648 745 827 822 Ἑλλήνων’
810 747 928 807 απίκατα
944 754 971 812 ἐς

170 834 220 898 τάς
243 834 432 911 Συρηκούσας,
454 833 581 898 ἐλθόντες
605 834 678 912 αύτῷ
699 838 726 896 ἐς
749 833 852 914 λόγους
874 835 971 914 ἔλεγον

169 919 244 980 τάδε·
266 931 283 957 “
292 923 419 1002 ἔπεμψαν
431 921 519 998 ήμέας
532 921 744 998 Λακεδαιμόνιοι
761 921 807 980 καὶ
826 924 852 982 οἶ
867 921 970 983 τούτων

170 1007 324 1090 σύμμαχοι,
335 1011 612 1089 παραλαμψομένους
625 1035 660 1068 σε
669 1009 740 1085 πρός
751 1008 801 1068 τόν
809 1008 968 1086 βάρβαρον·

169 1095 219 1156 τόν
233 1097 288 1178 γάρ
307 1096 420 1158 ἐπιόντα
437 1098 482 1156 ἐπὶ
501 1099 552 1174 τήν
574 1097 699 1156 Ἑλλάδα
715 1095 823 1159 πάντως
839 1123 889 1156 κου
905 1124 968 1158 πυν-

170 1183 274 1243 θάνεαι·
291 1184 334 1245 ὅτι
348 1186 463 1262 Πέρσης
478 1183 547 1262 άνήρ
558 1186 667 1262 μέλλει,
679 1183 774 1255 ζεύξας
787 1183 836 1244 τᾶν
845 1183 968 1260 Ἑλλήσ-

169 1295 271 1334 ποντον
285 1272 331 1330 καὶ
349 1272 458 1352 ἐπάγων
474 1271 565 1332 πάντα
581 1273 630 1332 τόν
645 1270 718 1350 η’ῷον
734 1271 857 1348 στρατόν
873 1278 902 1332 ἐκ
919 1277 969 1348 τῆς

169 1355 274 1434 Ἀσίης,
287 1358 531 1436 στρατηλατήσειν
545 1362 590 1420 ἐπὶ
602 1359 654 1436 τήν
667 1359 801 1430 Ἑλλάδα,
815 1358 968 1438 πρόσχημα

167 1446 219 1520 μέν
239 1445 400 1521 ποιεύμενος
421 1445 456 1509 ὦς
477 1446 519 1504 ἐπ’
536 1445 656 1558 Ἀθήνας
677 1444 794 1517 ἐλαύνει,
816 1451 845 1506 ἐν
866 1446 919 1526 νόιρ
939 1447 969 1506 δέ

169 1532 290 1610 έχων
250 1558 347 1592 πασαν
356 1532 407 1608 τήν
419 1531 602 1592 Ελλάδα“’
556 1561 595 1593 υπ
613 1537 703 1613 ἐωυτιμ
688 1531 968 1609 vrotq'oauoamw)

169 1619 199 1677 δὲ
220 1618 349 1696 δυνάμιός
371 1644 402 1679 τε
425 1621 500 1696 ἥκεις
522 1621 662 1733 μεγμλης,
679 1622 724 1680 καὶ
746 1621 861 1702 μοῖρά
855 1648 899 1682 τοι
918 1626 969 1699 τῆς

168 1705 356 1770 Ελλάδος’
324 1734 373 1767 ουκ
392 1709 585 1787 ἐλαχίστη’
547 1736 627 1786 μετα,
644 1707 763 1788 ἄρχοντί
777 1735 810 1790 γε
830 1711 967 1787 Σικελίης·

166 1793 267 1870 βοήθει
280 1819 312 1854 τε
327 1799 402 1854 τοῖσι
416 1795 647 1873 ἐλευθεροῦσι
613 1823 665 1872 την
676 1795 811 1867 Ελλάδα,
828 1799 873 1857 καὶ
891 1825 966 1858 συνε-

166 1882 308 1960 λευθέρου.
351 1883 474 1959 αλής
440 1909 492 1961 μεν
509 1884 563 1966 γάρ
579 1886 710 1965 γινομένη
726 1888 807 1944 πᾶσα
828 1884 847 1961 ἦ
863 1884 968 1950 Ελλάς

167 1969 229 2050 χεὶρ
255 1972 366 2054 μεγάλη
393 1970 552 2053 συνάγεται,
581 1971 626 2032 καὶ
657 1971 806 2051 άξιόμαχοι
833 1971 967 2052 γινόμεθα

154 2055 242 2119 ’τοῖσι
259 2063 379 2120 ἐπιοῦσι·
399 2058 434 2135 ἢν
448 2059 477 2119 δέ
491 2059 584 2138 ήμέων
598 2063 625 2119 οἶ
639 2063 691 2137 μὲν
705 2059 927 2137 καταπροδιδῶσι
941 2063 984 2150 οἱ,

167 2146 196 2205 δὲ
208 2145 249 2222 μή
260 2148 365 2208 θέλωσι
382 2148 528 2225 ἰμωρέειν,
539 2149 572 2208 τό
587 2149 617 2209 δέ
631 2148 754 2230 ύγιαῖνον
767 2151 817 2224 τῆς
830 2147 968 2212 Ἑλλάδος

165 2231 303 2314 ᾖόλίγον,
317 2239 400 2295 τοῦτο
415 2235 443 2294 δέ
460 2235 512 2312 ήδη
526 2235 614 2296 δεινόν
627 2237 732 2318 γίνεται
745 2233 785 2313 μή
798 2236 874 2315 πέσῃ
886 2239 967 2296 πάσα

165 2319 184 2395 ή
196 2319 310 2384 Ἑλλάς.
342 2324 381 2402 μή
393 2322 449 2404 γάρ
460 2325 586 2404 ἐλπίσῃς,
597 2323 728 2401 ἣνήμέας
741 2324 967 2401 καταστρέψηται

165 2405 182 2467 θ
198 2407 313 2484 Πέρσης
330 2409 407 2488 μάχη
422 2411 571 2488 κρατήσας,
587 2412 622 2475 εύς
636 2412 697 2472 ούκὶ
709 2413 769 2488 ἥξει
784 2411 860 2488 παραὶ
875 2411 911 2471 σέ
922 2437 966 2492 γε·

97 2505 100 2510 “
165 2493 244 2553 ἀλλά
258 2494 314 2572 πρά
330 2495 430 2556 τούτου
447 2497 581 2572 φύλαξαι·
602 2500 731 2575 βοηθέων
747 2499 804 2580 γάρ
816 2497 884 2575 ἡμῖν
899 2525 966 2558 σεω·

164 2585 220 2661 υτῷ
244 2583 394 2660 τιμωρέεις·
428 2588 467 2664 τῷ
494 2585 523 2645 δὲ
551 2585 580 2646 εὖ
609 2587 792 2663 βουλευθέντι
822 2585 966 2664 πρήγματι

164 2669 280 2746 τελευτή
300 2669 335 2734 οἷς
354 2670 387 2732 τδ
406 2674 507 2734 ἐπίπαν
524 2676 637 2753 χρηστή
656 2675 746 2735 ἐθέλει
766 2671 966 2755 ἐπιγίνεσθαι.”

119 2759 176 2816 158
186 2761 223 2816 Οἱ
244 2759 297 2834 μὶν
319 2762 406 2820 ταῦτα
428 2761 533 2842 ἔλεγον·
555 2763 650 2822 Γέλων
670 2762 700 2822 δέ
719 2761 829 2824 πολλάς
850 2761 966 2822 ἐνέκειτο

163 2844 253 2926 λέγων
281 2846 383 2907 τοιάδε·
419 2847 539 2926 ’(ἅνδρες
566 2848 714 2926 Ἕλληνες,
742 2849 830 2931 λόγον
857 2850 966 2928 ἔχοντες

164 2933 333 3011 πλεονέκτην
346 2935 522 3012 ἐτολμήσατε
538 2939 587 3014 ἐμὲ
602 2935 754 3016 σύμμαχον
770 2937 816 2996 ἐπὶ
832 2937 881 2997 τόν
893 2935 964 3014 βάρ-

164 3019 256 3097 βαρον
264 3023 486 3100 παρακαλέοντες
499 3025 600 3084 ἐλθεῖν·
615 3023 694 3084 αὐτοὶ
704 3025 741 3094 δὲ,
754 3028 819 3100 ἐμεῦ
830 3024 965 3100 πρότερον

165 3105 308 3183 δεηθέντος
330 3111 509 3190 βαρβαρικοῦ
533 3116 656 3190 στρατοῦ
680 3109 897 3188 συνεπάψασθαι
917 3109 964 3170 ὅτε

167 3219 217 3269 μοι
234 3197 305 3274 πρός
327 3198 535 3280 Καρχηδονίους
558 3204 654 3263 νεῖκοςΙ
669 3202 804 3275 συνῆπτο,
826 3196 962 3273 ἐπισκήπ-
