2280 3432
165 92 238 157 1—5]
481 91 634 141 οτνιαιι.
743 100 747 112 ·
912 91 958 139 221

163 174 327 247 ε’πιτρέπειν·
348 170 520 248 οἷντιβάντων
538 171 568 230 δὲ
584 174 640 230 τῶν
658 169 822 248 συμμάχων,
840 167 914 228 εἶκον
933 170 960 227 οἱ

162 257 313 334 Ἀθηναῖοι,
327 261 401 341 μέγα
418 259 599 333 πεποιημένοι
614 261 748 335 περιεῖναι
765 256 817 331 τήν
833 254 960 314 Ἐλλάδα

162 347 208 404 καὶ
227 344 339 427 γνόντες
359 353 383 406 εἶ
402 345 595 406 στασιάσουσι
614 346 678 422 περὶ
693 347 743 419 τῆς
759 342 907 424 ἡγεμονίης
925 343 960 406 ὦς

161 432 311 494 ἀπολέεται
330 435 350 512 ἦ
369 434 484 503 Ἑλλάς,
505 433 576 512 ὀρθά
597 437 728 496 νοεῦντες.
770 430 884 512 [στάσις
904 431 958 512 γὰρ

161 521 287 598 ἔμφυλος
306 524 433 600 πολέμου
460 521 682 598 ὁμοφρονέοντος
708 519 836 598 τοσούτῳ
864 517 959 579 κάκιόν

161 613 230 681 ε’στι,
244 611 303 690 ὅσῳ
317 611 443 689 πόλεμος
462 608 590 690 εἰρήνης]
633 607 813 684 ἐπιστάμενοι
832 605 869 666 ὧν
889 605 957 667 αὐτό

160 703 250 772 τοῦτο,
271 700 320 758 οῦκ
338 699 500 766 ἀντέτεινον,
514 696 580 756 ἀλλ’
594 695 668 756 εἶκον
684 696 768 773 μέχρι
786 694 856 754 όσου
870 695 958 772 κάρτα

161 784 268 844 ἐδέοντο
283 785 380 855 αὐτῶν,
396 785 431 848 ὦς
444 784 575 852 διέδεξαν·
597 782 632 846 ὥς
644 781 699 862 γάρ
713 782 747 856 δή
758 781 898 860 ὠσάμενοι
910 783 961 844 τόν

161 873 276 948 Πέρσεα
292 873 421 949 περὶτῆς
440 871 543 930 ἐκείνου
560 870 614 945 ἤδη
631 868 681 928 τόν
697 868 791 949 α’γιῦνα
807 874 955 944 ἐποιεῦντο,

159 959 305 1035 πρόφασιν
318 959 370 1043 τήν
383 959 550 1018 Παυσανίεω
562 956 646 1034 ὕβριν
656 954 866 1034 προϊσχόμενοι,
880 955 957 1016 οἷπεί-

159 1049 244 1105 λοντο
264 1046 316 1122 τήν
335 1047 486 1128 ἡγεμονίην
509 1042 574 1107 τοῦς
596 1043 840 1119 Λακεδαιμονίους.
880 1041 959 1104 άλλαῖ

159 1137 246 1192 ταῦτα
258 1135 310 1210 μὲν
322 1133 441 1212 ὕστερον
455 1133 572 1214 ἐγένετο.

198 1219 269 1280 Τότε
288 1220 318 1280 δὲ
339 1220 415 1283 οὗτοι
439 1225 466 1280 οἱ
486 1222 532 1280 καὶ
553 1218 594 1278 ἐπ’
614 1218 793 1297 Ἀρτεμίσιον
812 1218 985 1294 Ἑλλήνων4

158 1308 329 1386 ἀπικόμενοι,
357 1309 392 1373 οἷς
412 1308 485 1369 εἶδον
504 1309 566 1372 νέας
585 1334 617 1368 τε
639 1307 751 1370 πολλάς
771 1307 958 1385 καταχθείσας

159 1401 186 1458 ἐς
211 1396 260 1460 τὰς
285 1396 407 1474 Ἀφέτας
434 1398 480 1456 καὶ
500 1400 634 1474 στρατιῆς
661 1394 770 1455 ἅπαντα
793 1395 876 1464 πλέα,
898 1396 958 1455 ἐπεὶ

158 1483 268 1546 αὐτοῖσι
293 1486 370 1564 παρά
397 1485 480 1556 δόξαν
500 1484 536 1545 τά
555 1484 707 1565 πρήγματα
725 1486 781 1544 τιῦν
800 1481 958 1561 βαρβάρων

157 1571 293 1650 α’πέβαινε
309 1572 328 1649 ἢ
345 1574 380 1637 ὦς
398 1573 477 1634 αὐτοὶ
497 1573 666 1642 κατεδόκεον,
685 1571 956 1650 καταρρωδήσαντες,

157 1659 283 1738 δρησμδν
296 1662 448 1739 ἐβούλευον
465 1661 521 1722 άπδ
539 1665 589 1722 τοῦ
601 1660 781 1738 Ἀρτεμισίου
795 1661 849 1719 ἔσω
865 1663 893 1724 ἐς
905 1659 957 1736 τήν

155 1744 292 1808 Ἐλλάδα·
312 1750 424 1830 γνόντες
441 1751 473 1809 δέ
489 1755 581 1825 σφεας
599 1752 626 1808 οἱ
643 1748 766 1825 Εὐβοέες
784 1751 873 1810 ταῦτα
888 1749 957 1824 βου·

155 1836 329 1912 λευομένους,
349 1837 457 1898 ε’δέοντο
474 1836 653 1914 Εὐρυβιάδεω
673 1840 842 1913 προσμεῖναι
854 1835 957 1914 χρόνον

156 1921 262 2002 ὀλίγον,
289 1923 346 1982 ἔστ’
373 1921 406 1983 ἂν
432 1923 512 1982 αὐτοὶ
534 1924 617 1982 τέκνα
638 1947 670 1981 τε
696 1923 742 1980 καὶ
764 1922 828 1984 τοῦς
850 1923 957 1987 οἰκέτας

155 2006 349 2068 ῦπεκθέωνται·
391 2009 426 2072 ὦς
446 2009 469 2068 δ’
490 2007 539 2068 οῦκ
566 2008 683 2078 ἔπειθον,
707 2009 880 2086 μεταβάντες
906 2009 956 2070 τόν

155 2092 307 2171 Ἀθηναίων
337 2095 496 2178 στρατηγόν
528 2097 658 2156 πείθουσι
686 2096 882 2173 Θεμιστοκλέα
909 2097 955 2156 ε’πὶ

154 2184 249 2262 μισθῷ
259 2184 407 2261 τριήκοντα
419 2183 593 2261 ταλάντοισι,
607 2183 649 2242 ἐπ’
663 2181 684 2263 ᾧ
699 2209 730 2244 τε
746 2183 956 2262 καταμείναντες

154 2271 210 2349 πρό
222 2277 273 2349 τῆς
285 2271 410 2349 Εὐβοίης
422 2271 590 2348 ποιήσονται
602 2270 654 2348 τήν
670 2272 835 2351 ναυμαχίην.
876 2271 910 2331 ‘0
924 2272 981 2332 δὲ5

154 2361 363 2438 Θεμιστοκλέης
388 2360 453 2425 τοῦς
473 2359 617 2436 Ἕλληνας
638 2363 765 2440 ἐπισχεῖν
785 2357 837 2419 ὦδε
856 2362 953 2420 ποιέει·

153 2448 315 2529 Εὐρυβιάδῃ
335 2448 439 2512 τούτων
461 2453 516 2510 τῶν
536 2447 686 2528 χρημάτων
708 2447 852 2526 μεταδιδοῖ
870 2450 953 2510 πέντε

153 2535 286 2606 τάλαντα,
307 2536 343 2600 οἷς
362 2537 427 2615 παρ’
448 2541 549 2598 ἑωυτοῦ
570 2537 652 2613 δῆθεν
673 2535 772 2600 διδούς·
820 2536 855 2602 οἷς
875 2538 907 2598 δέ
925 2540 953 2598 οἱ
982 2564 985 2568 ·

154 2618 234 2686 οὗτος
260 2624 451 2697 ἀνεπέπειστο,
486 2625 675 2706 (Ἀδείμαντος
702 2623 758 2706 γάρ
784 2624 800 2684 ό
825 2624 951 2696 Ὠκύτου,

153 2711 301 2785 Κορίνθιος
320 2713 485 2794 στρατηγός,
498 2717 553 2774 τῶν
572 2717 679 2774 λοιπῶν
698 2712 820 2790 ἤσπαιρε
839 2717 950 2791 μοῦνος,

153 2795 277 2872 φάμενος
292 2797 518 2862 άπαπλιόσεσθαί
530 2827 561 2862 τε
581 2800 637 2862 άπδ
650 2805 701 2862 τοῦ
713 2800 891 2878 Ἀρτεμισίου
905 2801 951 2859 καὶ

152 2883 185 2944 οὗ
196 2885 397 2967 παραμενέειν,)
407 2887 477 2964 πρός
490 2888 523 2965 δή
533 2893 633 2950 τοῦτον
643 2886 703 2948 εἳπε
717 2888 732 2948 ό
743 2887 951 2966 Θεμιστοκλέης

151 2973 303 3050 ε’πομόσας·
335 2974 395 3034 “οό
416 2974 453 3034 στί
473 3001 507 3057 γε
526 2976 614 3053 ἡμέας
634 2975 805 3054 ἀπολείψεις,
827 2976 889 3034 ε’πεί
905 3000 950 3035 τοι

151 3063 205 3143 ἐγώ
220 3063 293 3139 μέζω
311 3062 385 3140 δοῦρα
406 3063 486 3122 δώσω
505 3062 523 3140 ἢ
543 3063 682 3140 βασιλεῦς
699 3063 733 3123 άν
749 3089 794 3124 τοι
812 3063 828 3122 ό
845 3062 949 3137 Μήδων

149 3151 268 3230 πέμψειε
294 3150 462 3211 άπολιπόντι
488 3153 552 3214 τοῦς
581 3150 773 3230 συμμάχους·”
806 3151 893 3210 ταῦτα’
917 3175 949 3210 τε

149 3237 208 3317 ἅμα
220 3239 344 3322 ἠγόρευε,
358 3240 405 3300 καὶ
422 3240 526 3318 πέμπει
544 3240 590 3300 ἐπὶ
606 3240 658 3315 τήν
678 3239 726 3298 νέα
740 3238 792 3314 τήν
805 3237 949 3312 Ἀδειμάν-

176 3323 280 3375 ῙῙ.-18
