2204 3430
162 141 193 187 20
467 133 648 184 Ἦοοιοοοι
913 135 962 200 [v.

161 215 284 289 ἑκάτεροι
303 213 392 290 αύτῶν
405 213 542 290 μαρτύρια
555 211 769 288 ἀποφαίνονται·
784 213 830 273 καὶ
842 214 964 292 πάρεστι

160 300 319 377 ὁκοτέροισί
326 326 368 363 τις
380 301 505 360 πείθεται
522 299 619 369 αὐτῶν,
628 299 753 360 τούτοισι
762 303 963 379 προσχωρέειν.

110 390 150 448 46
161 389 317 453 Συνέπλεον
331 388 361 446 δέ
375 389 478 465 Δωριέῖ
491 387 537 446 καὶ
551 388 636 446 ἄλλοι
653 388 822 468 συγκτίσται
841 391 962 466 Σπαρτι-

158 477 252 551 ητέων,
273 475 423 538 Θεσσαλός
444 477 490 534 καὶ
510 475 697 553 Παραιβάτης
718 477 763 534 καὶ
785 477 895 552 Κελέης
915 479 962 537 καὶ

158 563 314 641 Εὐρυλέων·
336 564 363 623 οἳ
384 565 446 622 ἐπεί
460 589 491 622 τε
508 562 642 624 ἀπίκοντο
660 564 743 623 παντὶ
760 563 855 643 στόλῳ
870 569 898 628 ἐς
910 567 963 642 τήν

158 652 296 726 Σικελίην,
318 649 456 712 α’πέθονον
476 651 555 730 μάχη
577 651 745 714 ἑσσωθέντες
768 650 823 712 ύπό
842 677 873 711 τε
894 659 960 713 Φοι,

160 739 241 798 νίκων
257 741 302 798 καὶ
319 737 499 821 Ἐγεσταίων·
519 743 622 815 μοῦνος
640 738 671 797 δέ
687 763 721 819 γε
738 737 887 816 Εὐρυλέων
905 745 961 801 τῶν

159 828 348 908 συγκτιστέων
370 827 543 908 περιεγένετο
565 826 664 888 τούτου
683 829 733 885 τοῦ
753 825 865 894 πάθεος·
888 831 957 886 συλπ

157 913 257 992 λαβοίν
277 915 306 974 δὲ
327 913 406 978 οὗτος
425 918 476 990 τῆς
496 917 629 992 στρατιῆς
648 914 712 977 τούς
731 915 960 995 περιγενομένους

157 1003 225 1082 ἐσχε
245 1003 360 1080 Μινώην
379 1003 430 1080 τήν
448 1003 634 1067 Σελινουσίων
654 1001 791 1077 ἀποικίην,
806 1001 858 1059 καὶ
879 1027 957 1062 συνε·

156 1093 289 1169 λευθέρου
308 1092 505 1156 Σελινουσίους
522 1094 573 1151 τοῦ
592 1089 751 1167 μουνάρχου
768 1089 958 1170 Πειθαγόρεω·

155 1179 227 1256 μετά
240 1181 276 1253 δὲ,
293 1179 330 1242 οἷς
342 1183 441 1239 τοῦτον
460 1182 579 1246 κατεῖλε,
594 1176 676 1240 αύτὸς
692 1177 831 1254 τυραννίδι
850 1179 957 1257 ἐπεχεί-

154 1292 227 1343 ρησε
247 1269 435 1336 Σελινοῦντος,
450 1265 495 1324 καὶ
515 1264 707 1344 ἐμουνάρχησε
724 1265 825 1344 χρόνον
842 1265 885 1324 ἐπ’
898 1266 970 1326 ὀλί-Ι

154 1379 215 1434 γον·
227 1353 314 1434 οίγάρ
323 1379 371 1429 μιν
384 1355 562 1416 Σελινοΰσιοι
576 1353 779 1416 ἐπαναστάντες
794 1352 957 1415 ἀπέκτειναν

108 1440 146 1500 47
156 1439 353 1520 καταφυγόντα
383 1441 428 1498 ἐπὶ
453 1439 522 1502 Διός
546 1439 679 1520 άγοραίου
704 1440 811 1518 βωμόν.
854 1443 956 1506 Συνέσ-

155 1553 223 1586 πετο
239 1527 268 1586 δὲ
286 1527 389 1604 Δωριέϊ
406 1528 451 1586 καὶ
469 1528 642 1587 συναπέθανε
657 1530 798 1592 Φίλιππος
815 1528 831 1589 ὁ
850 1537 956 1590 Βουτα-

154 1616 240 1685 κίδεω,
264 1615 457 1692 Κροτωνιήτης
475 1615 554 1693 άνήρ·
581 1615 612 1680 ὂς
632 1615 827 1694 άρμοσάμενος
844 1617 954 1692 Τήλυος

154 1707 204 1762 τοῦ
223 1703 384 1780 Συβαρίτεω
403 1704 540 1784 θυγατέρα
555 1705 641 1784 ἔφυγε
660 1709 689 1763 ἐκ
707 1705 862 1782 Κρότωνος·
890 1714 955 1784 ψευ-

154 1792 232 1855 σθεὶς
255 1792 285 1851 δὲ
307 1795 360 1851 τοῦ
379 1791 470 1873 γάμου
489 1791 582 1871 οἴχετο
600 1793 692 1852 πλέων
711 1797 739 1856 ἐς
760 1793 899 1870 Κυρήνην·
925 1800 955 1854 ἐκ

153 1879 254 1958 ταύτης
274 1881 303 1941 δὲ
323 1879 496 1959 όρμεῶμενος
516 1881 673 1941 συνέσπετο
692 1882 782 1960 οἰκηίῃ
799 1909 830 1942 τε
850 1882 955 1960 τριήρεϊ

154 1969 200 2029 καὶ
214 1971 304 2049 οἰκηίῃ
318 1969 423 2049 ἀνδρῶν
439 1969 555 2050 δαπάνη,
570 1969 620 2030 ἐιύν
632 1997 663 2031 τε
676 1969 895 2049 Ὀλυμπιονίκης
909 1972 954 2031 καὶ

153 2058 307 2122 κάλλιστος
328 2058 473 2135 Ἑλλήνων
494 2063 549 2119 τῶν
570 2058 628 2119 κατ’
651 2058 760 2118 ἑωυτόν.
802 2057 846 2118 διαὶ
870 2059 899 2117 δέ
920 2057 953 2118 τό

153 2149 252 2204 ἑωυτοῦ
271 2145 377 2207 κάλλος
395 2148 516 2204 ἐνείκατο
535 2147 611 2222 παρά
628 2146 799 2226 Ἐγεσταίων
817 2147 852 2205 τοὶ
867 2146 954 2210 οὐδεὶς

153 2229 251 2294 ἄλλος·
266 2231 311 2290 ἐπὶ
324 2231 378 2311 γὰρ
392 2236 441 2290 τοῦ
454 2232 547 2307 τάφου
560 2231 645 2291 αύτοῦ
659 2232 760 2308 ήριύίον
775 2233 953 2310 ἱδρυσάμενοι

105 2319 144 2377 48
154 2318 272 2397 θυσίῃσι
286 2315 371 2377 αύτὸν
386 2317 559 2378 ἱλάσκονται.
602 2319 722 2394 Δωριεύς
735 2319 787 2395 μέν
800 2345 848 2378 νυν
860 2321 954 2402 τρόπῳ

153 2405 267 2485 τοιούτῳ
289 2404 461 2482 ἐτελεύτησε·
485 2408 508 2464 εί
527 2405 556 2464 δέ
574 2404 710 2484 ἠνέσχετο
731 2406 955 2483 βασιλευόμενος

152 2493 207 2553 ύπὸ
222 2493 396 2571 Κλεομένεος
410 2494 455 2552 καὶ
472 2493 602 2570 κατέμενε
616 2498 644 2553 ἐν
663 2492 787 2572 Σπάρτη,
802 2493 955 2569 ἐβασιλευε

153 2580 187 2643 ἂν
200 2581 414 2659 Λακεδαίμονος.
457 2579 488 2641 ού
501 2581 555 2662 γάρ
571 2607 634 2642 τινα
648 2581 760 2641 πολλόν
772 2579 874 2660 χρόνον
887 2580 954 2657 ἦρξε

153 2671 168 2731 ὁ
184 2671 353 2748 Κλεομένης,
371 2668 437 2729 ἀλλ’
456 2669 576 2730 α’πέθανε
595 2669 678 2734 ἅπαις
699 2669 836 2752 θυγατέρα
849 2666 954 2746 μούνην

152 2759 242 2818 λιπών
255 2762 290 2837 τῇ
304 2757 409 2835 ούνομα
422 2757 457 2834 ἦν
470 2757 577 2839 Γοργώ.

105 2845 143 2904 49
182 2845 366 2913 ,Ἀπικνέετοι
393 2845 416 2905 δ’
445 2845 481 2906 ὧν
508 2845 524 2906 ὁ
550 2844 755 2927 Ἀρισταγόρης
781 2845 797 2906 ό
821 2841 954 2920 Μιλήτου

153 2935 284 3013 τύραννος
305 2938 333 2997 ἐς
352 2933 404 3011 τήν
423 2933 563 3012 Σπάρτην,
584 2935 758 3011 Κλεομένεος
776 2935 888 3015 ἔχοντος
903 2931 955 3008 τήν

154 3021 252 3102 άρχήν·
287 3026 325 3102 τῷ
351 3021 385 3098 δή
414 3026 441 3086 ἐς
468 3021 571 3104 λόγους
597 3021 648 3098 ἤϊε,
678 3022 713 3086 ὦς
740 3020 956 3099 Λακεδαιμόνιοι

154 3112 279 3190 λέγουσι,
302 3113 371 3192 ἔχων
394 3110 516 3191 χάλκεον
536 3111 639 3171 πίνακα
654 3116 688 3188 ἐν
708 3116 747 3193 τῷ
766 3115 820 3194 γῆς
841 3106 955 3182 ἁπάσης

146 3200 283 3271 ,περίοδος
312 3201 483 3278 ἐνετέτμητο,
514 3200 560 3259 καὶ
587 3199 723 3260 θάλασσά
743 3225 774 3262 τε
801 3201 883 3258 πᾶσα
911 3193 957 3252 καὶ

18 3319 91 3402 λ
155 3288 276 3359 ποταμοὶ
294 3288 402 3352 πάντες·
423 3287 619 3367 ἀπικνεόμενος
632 3289 662 3351 δὲ
675 3294 703 3356 ἐς
715 3287 818 3369 λόγους
831 3285 848 3348 ὁ
860 3285 956 3362 Ἀριο-
