2280 3432
176 109 287 175 ιι-ια]
501 105 654 156 omnm,
703 152 708 158 ,
933 103 981 151 245

176 190 257 252 Ἐπεὶ
283 186 447 266 δὲπεριῖών
468 185 566 264 εἰρώτα
592 186 609 247 ὁ
635 183 802 263 Μαρδόνιος,
827 182 980 262 ἀρξάμενος
990 186 1028 246 68

177 279 297 338 ἀπὸτοῦ
311 276 450 346 Σιδωνίου,
465 276 556 351 οἱμὲν
572 272 658 334 ἄλλοι
674 272 745 332 κατά
764 271 852 332 τώυτδ
868 271 981 353 γνώμην

178 366 342 444 ἐξεφέροντο
364 364 521 428 κελεύοντες
539 363 696 443 ναυμαχίην
714 364 867 435 ποιέεσθαι,
886 360 980 439 Ἀρτε-

176 455 259 531 μισίη
273 454 381 515 δὲτάδε
395 454 459 528 ἔφη·
481 463 498 488 “
507 457 593 513 εἰπεῖν
605 478 655 529 μοι
668 451 738 529 πρός
750 451 885 527 βασιλέα,
900 456 979 527 Μαρ-

177 541 257 614 δόνιε,
272 541 307 605 ώς
325 541 380 622 ἐγώ
396 540 461 600 τάδε
482 542 565 621 λέγω·
587 539 651 600 οὔτε
673 539 809 616 κακίστην
829 539 981 620 γενομένην

177 635 207 690 ἒν
225 635 294 708 τῇσι
317 629 489 706 ναυμαχίῃσι
508 632 578 707 τῇσι
599 627 670 705 πρὸς
689 626 809 706 Εὐβοίῃ,
832 626 895 686 οὔτε
917 625 988 686 ε’λά*

175 741 264 795 χιστα
278 715 493 792 ἀποδεξαμένην,
507 715 640 785 δέσποτα,
654 713 736 790 τήνδε
753 719 855 774 εὀῦσαν
867 714 980 796 γνώμην

176 829 213 880 με
228 803 334 863 δίκαιόν
350 807 426 862 εὀτιν
443 802 667 871 ἀποδείκνυσθαι,
680 802 716 861 τοὶ
733 802 861 881 τυγχάνω
881 802 979 878 φρονέ-

177 916 250 950 ουσα
273 889 376 967 ἄριστα
403 895 431 953 ἐς
456 889 609 995 πρήγματα
631 889 668 949 τά
691 888 740 946 σά.
782 891 830 947 καί
849 915 894 949 τοι
914 891 980 949 τάδε

176 979 260 1059 λέγω·
290 977 441 1053 φείδεο
401 1003 458 1038 των
475 981 555 1052 νηῶν,
571 977 641 1054 μηδὲ
659 977 816 1086 ναυμαχίην
833 979 980 1036 ποιέωσι

176 1065 230 1159 γάρ
245 1064 391 1143 ἄνδρες
352 1091 408 1124 των
423 1069 482 1124 σῶν
500 1063 607 1142 ἀνδρῶν
624 1064 773 1141 κρέσσονες
791 1065 910 1123 τοσοῦτό
925 1068 980 1124 εἰσι

177 1176 248 1212 κατα
240 1152 452 1223 θάλασσαν,
437 1177 507 1212 οσον
521 1151 617 1229 ἀνδρες
634 1155 779 1232 γυναικῶν.
819 1177 847 1210 τι
842 1151 953 1210 ’δὲ’
912 1179 980 1212 παν-

176 1264 229 1302 τως
252 1239 307 1299 δέει
330 1267 365 1300 σε
385 1241 557 1318 ναυμαχίῃσι
578 1238 810 1308 ἀνακινδυνεύειν;
838 1238 888 1298 οὐκ
909 1241 980 1319 ἔχεις

176 1329 228 1404 μὲν
249 1327 300 1391 τάς
321 1327 443 1404 Ἀθήνας
460 1331 568 1403 τώνπερ
590 1327 679 1386 εἵνεκα
701 1325 830 1403 ώρμήθης
848 1327 979 1404 στρατεί-

178 1416 269 1486 εσθαι,
284 1416 354 1494 ἔχεις
373 1415 467 1491 δὲτὴν
479 1414 572 1490 αλλην
584 1414 728 1483 Ελλάδα;
750 1414 877 1492 ε’μπαδων
891 1415 922 1474 δέ
935 1441 979 1475 τοι

178 1502 290 1562 ἵσταται
312 1503 409 1566 οὐδείς·
444 1529 471 1562 οι
457 1501 515 1562 δ’
540 1503 578 1562 ἔτι
602 1501 786 1578 ἀντέστησαν,
809 1502 980 1579 ἀπήλλαξαν

178 1589 248 1650 οὕτω
265 1590 300 1654 ώς
316 1592 420 1655 κείνους
438 1592 549 1668 ἔπρεπε.
589 1617 626 1670 τη
612 1591 701 1650 δε’
688 1617 741 1672 εγω
733 1591 848 1651 δοκέω
868 1590 979 1668 ἀποβή-

177 1680 280 1738 σεσθαι
314 1705 350 1738 τα
384 1683 440 1740 τῶν
474 1679 666 1756 ἀντιπολέμων
700 1678 888 1791 πρήγματα,
896 1683 979 1739 τοῦτο

178 1765 330 1842 φράσω·
312 1793 348 1842 ην
365 1793 417 1872 μεν
433 1793 473 1872 μη
465 1767 622 1845 ἐπειχθῇς
637 1769 793 1875 ναυμαχίην
809 1793 978 1844 ποιευμενος,

178 1850 255 1910 α’λλά
274 1852 324 1915 τάς
345 1858 412 1927 νῆας
434 1853 518 1912 αι’ντοῦ
540 1855 604 1930 έχης
626 1855 696 1930 πρός
717 1859 755 1933 γῇ
775 1855 872 1963 μένωη,
893 1881 911 1928 η
933 1855 979 1912 καὶ

177 1939 377 2013 προβαίνων’
364 1965 391 2000 ες
419 1963 471 2012 την
504 1939 736 2014 Πελοπόννησον,
764 1939 895 2001 ευπετέως
925 1966 978 2014 τοι,

178 2024 310 2093 δέσποτα,
329 2023 453 2103 χωρήσει
470 2024 506 2083 τοὶ
521 2025 605 2084 νοέων
621 2025 768 2100 ἐλήλυθας·
804 2025 836 2084 οὗ
854 2025 909 2104 γάρ
926 2026 982 2084 οἶοί

177 2137 208 2170 τε
232 2111 344 2172 πολλδν
367 2112 469 2191 χρόνον
493 2113 551 2171 εἶσί
571 2137 615 2172 τοι
638 2111 763 2191 ἀντέχειν
788 2115 814 2171 οἱ
830 2107 978 2188 Ἕλληνες,

177 2197 255 2259 ἀλλά
281 2206 374 2276 σφεας
401 2199 557 2279 διασκεδᾷς·
599 2199 670 2258 κατά
698 2199 781 2263 πόλις
809 2200 838 2259 δὲ
866 2200 997 2268 ἕκαστον

178 2287 337 2363 φεύξονται·
365 2286 429 2347 οὔτε
444 2287 499 2367 γάρ
515 2291 595 2351 σῖτος
610 2287 687 2364 πείρα
703 2288 791 2363 σφίσι
806 2293 835 2348 ἐν
851 2291 887 2367 τῇ
902 2287 979 2368 νήσῳ

176 2377 272 2456 ταύτῃ,
287 2376 322 2440 ώς
335 2376 389 2458 ἐγώ
407 2375 589 2452 πυνθάνομαι,
604 2374 668 2434 οὔτε
684 2375 783 2439 αὐτοῦς
797 2376 879 2446 οἶκδς,
893 2374 929 2452 ἢν
941 2376 979 2436 σι)

178 2465 224 2521 ε’πὶ
237 2465 288 2540 τὴν
306 2465 530 2540 Πελοπόννησον
547 2463 665 2542 ε’λαιίνῃς
681 2463 731 2523 τάν
747 2465 831 2536 πεζόν
848 2464 977 2542 στρατδν,

178 2549 317 2626 ἀτρεμιεῖν
342 2552 407 2615 τούς
431 2553 534 2612 ε’κεῖθεν
555 2550 646 2611 αὐτῶν
671 2550 798 2628 ἥκοντας·
840 2552 904 2612 οὐδέ
923 2559 980 2628 σφι

177 2636 299 2743 μελήσει
324 2638 380 2716 πρδ
409 2643 464 2699 τῶν
491 2638 646 2746 Ἀθηναίων
673 2641 846 2720 ναυμαχέειν.
887 2639 922 2716 ἦν
949 2641 980 2699 δὲ

179 2720 278 2782 αυτίκα
291 2727 423 2803 ἐπειχθῇς
435 2751 624 2835 ναυμαχησαι,
636 2727 817 2804 δειμαίνω
777 2754 818 2805 μη
829 2729 844 2788 ὁ
853 2728 980 2790 ναυτικὰς

179 2835 301 2886 στρατος
314 2813 489 2876 κακωθεὶς
457 2839 507 2874 τον
520 2808 605 2886 πεζὸν
622 2815 868 2914 προσδηλησηται.
909 2814 980 2891 πρὸς

179 2897 217 2966 δὲ,
236 2925 257 2956 ω
242 2895 408 2974 ’βασιλεῧ,
426 2901 473 2959 καὶ
492 2902 587 2961 τάδε’
575 2928 602 2965 ες
623 2893 712 2980 θυμδν
727 2903 868 2978 βαλεΰ,“
848 2929 883 2966 ως
902 2906 979 2962 τοῖσι

178 3009 231 3061 μεν
243 2989 397 3064 χρηστοῖσι
409 2992 465 3048 τών
477 2987 626 3066 ἀνθρώπων
643 3017 723 3049 κακοι
712 2991 832 3058 δοῦλοι
846 2991 979 3066 φιλέουσι

178 3073 316 3154 γίνεσθαι,
337 3079 414 3134 τοῖσι
435 3076 465 3134 δὲ
487 3081 598 3136 κακοῖσι
619 3079 749 3157 χρηστοί·
784 3079 833 3137 σοὶ
854 3079 883 3137 δὲ
907 3077 978 3138 ἐόντι

178 3161 283 3244 ἀρίστῳ
310 3161 416 3241 ἀνδρῶν
441 3163 551 3225 πάντων
577 3168 657 3225 κακοὶ
683 3165 783 3225 δοῦλοί
805 3169 869 3236 εἶσι,
896 3165 923 3225 οἳ
949 3170 979 3225 ἒν

178 3251 336 3331 συμμάχων
350 3251 427 3332 λόγῳ
440 3251 571 3332 λέγονται
584 3251 662 3323 εἶναι,
677 3252 767 3315 ε’όντες
786 3253 936 3334 Αἰγύπτιοί
947 3277 979 3311 τε
