2294 3430
156 111 202 157 168
458 120 642 169 Ἦνυκουοτ
873 121 951 186 [vn.

157 193 207 257 τόν
227 199 366 275 Θερμαῖον
388 196 494 260 κόλπον
520 199 621 280 ἐγίνετο
645 203 683 280 τῷ
708 204 823 280 ναυτικῷ
846 207 959 284 στρατῷ

158 286 175 348 ό
188 286 277 350 πλόος
297 287 342 345 καὶ
357 291 411 367 γῆν
423 287 475 362 τήν
487 288 659 368 Μυγδονίην·
680 288 773 349 πλέων
783 288 822 348 ’δὲ
842 288 959 350 άπίκετο

159 375 185 439 ἐς
197 401 228 434 τε
240 374 292 451 τήν
310 376 511 452 προειρημένην
525 376 636 452 Θέρμην
656 376 702 436 καὶ
716 376 814 441 Σινδόν
829 403 860 438 τε
873 377 960 438 πόλιν

159 463 204 521 καὶ
218 463 395 539 Χαλέστρην,
410 464 455 522 ε’πὶ
474 463 523 523 τόν
543 461 638 533 Ἀξιόν
653 463 789 540 ποταμόν·
811 463 841 528 ός
855 463 958 542 οὐρίζει

157 548 252 630 χιόρην
263 549 315 627 τήν
327 551 489 626 Μυγδονίην
500 578 531 612 τε
545 553 592 611 καὶ
605 551 837 628 Βοττιαιίδα,“ιῆς
858 553 957 632 έχουσι

157 638 191 698 τό
204 637 281 716 παρά
297 641 448 699 θάλασσαν
463 637 574 700 στεινόν
594 640 696 720 χωρίον
715 639 799 704 πόλις
815 639 907 716 Ἴχναι
928 639 959 701 τε

161 726 207 784 καὶ
222 725 335 785 Πέλλα.

113 813 170 872 124
219 813 253 875 ‘0
271 817 323 892 μέν
340 813 373 889 δή
390 811 516 877 ναυτικός
534 813 664 892 στρατός,
683 813 768 873 αὐτοῦ
784 815 848 892 περὶ
865 813 961 886 Ἀξιόν

159 902 287 979 ποταμόν
309 902 355 962 καὶ
377 901 463 962 πόλιν
483 904 595 980 Θέρμην
616 903 662 962 καὶ
681 901 732 966 τός
752 901 855 980 μετοξι)
876 903 961 967 πόλις

158 991 283 1064 τουτέων,
297 990 450 1068 περιμένων
462 991 597 1066 βασιλέα,
612 989 870 1068 ἐστρατοπεδεύετο.
893 991 960 1069 Ξέρ-

99 1144 101 1148 .
160 1077 208 1154 ξης
235 1079 264 1137 δέ
292 1079 337 1137 καὶ
364 1077 381 1138 ό
412 1078 495 1149 πεζός
526 1079 648 1158 στρατός
680 1078 826 1156 ἐπορεύετο
855 1083 884 1139 ἐκ
910 1082 959 1156 τῆς

159 1163 305 1236 Ἀκάνθου,
322 1166 374 1241 τὴν
395 1165 552 1248 μεσόγαιαν
569 1165 679 1244 τάμνων
696 1170 746 1242 τῆς
764 1165 837 1238 ὁδοῦ,
855 1167 959 1246 βουλό·
985 1203 991 1216 ·

159 1279 243 1330 μενος
264 1259 291 1317 ἐς
310 1253 361 1330 τήν
382 1254 495 1330 Θέρμην
515 1253 677 1321 ἀπικέσθαι·
700 1251 844 1331 ἐπορεύετο
866 1254 895 1314 δὲ
915 1255 960 1314 διαὶ

159 1345 210 1418 τῆς
223 1343 377 1418 Παιονικῆς
390 1342 436 1401 καὶ
449 1347 650 1419 Κρηστωνικῆς
663 1342 708 1402 ἐπὶ
725 1342 852 1420 ποταμόν
870 1341 960 1422 Ἐχεί-

162 1430 256 1508 δωρον,
284 1429 314 1494 ὃς
345 1435 375 1490 ἐκ
407 1431 612 1507 Κρηστωναίων
643 1429 802 1508 ἀρξάμενος,
829 1431 885 1508 ῥέει
915 1431 961 1491 διά

162 1518 321 1599 Μυγδονίης
342 1517 440 1597 χώρης,
467 1516 513 1576 καὶ
537 1517 601 1586 ἐξίει
624 1516 699 1594 παρά
722 1517 756 1578 τό
779 1518 842 1582 ἕλος
862 1517 895 1578 τό
919 1517 960 1578 ἐπ’

116 1609 173 1665 125
181 1603 264 1684 Ἀξίῳ
284 1609 411 1684 ποταμῷ·
436 1605 619 1685 Πορευομένῷ
640 1605 669 1664 δέ
689 1605 784 1686 ταθτη,
805 1607 915 1670 λέοντές
927 1609 961 1668 ὀἶ
1025 1671 1029 1680 ,

163 1697 212 1752 ἐπε
230 1691 419 1772 ήκαντοτῇσι
437 1691 619 1769 σιτοφόροισι
641 1693 808 1771 καμήλοισι·
830 1700 961 1769 καταφοι-

161 1781 269 1845 τέοντες
292 1779 345 1862 γάρ
370 1783 396 1839 οἱ
409 1781 531 1855 Ιλέοντες
551 1779 601 1844 τάς
623 1779 729 1851 νύκτας,
754 1783 800 1841 καὶ
820 1783 962 1847 λείποντες

162 1869 198 1929 τά
215 1870 342 1948 σφέτερα
358 1868 436 1946 ἤθεα,
453 1867 545 1930 άλλου
561 1869 613 1948 μὲν
632 1866 741 1933 οὖδενός
759 1869 881 1930 ἅπτοντο
900 1869 962 1930 οὔτε

160 1958 311 2041 ὖποζυγίου
330 1957 393 2019 οὔτε
411 1956 565 2036 οἶνθριόπου,
584 1959 610 2018 οἶ
628 1953 657 2016 δέ
674 1955 724 2021 τός
745 1956 887 2034 καμήλους
908 1964 961 2018 ἐκε·

163 2047 258 2124 ράϊζον
271 2047 383 2126 μούνας.
426 2047 542 2125 θωμάζω
561 2045 589 2106 δέ
606 2044 639 2107 τό
657 2046 746 2107 α’ίτιον
763 2045 778 2105 ὅ
794 2073 822 2106 τι
839 2049 902 2108 κοτέ
919 2044 962 2122 ἦν,

163 2139 218 2195 τῷν
231 2134 327 2196 ἄλλων
338 2134 371 2196 τό
388 2134 544 2218 ἀναγκάζον
562 2133 750 2215 ἀπεχομένους
767 2133 832 2198 τοῦς
848 2135 964 2200 λέοντας

162 2227 231 2303 τῇσι
262 2222 416 2300 καμήλοισι
447 2223 632 2283 ἐπιτίθεσθαι·
665 2220 698 2282 τό
731 2221 802 2300 μήτε
827 2221 964 2300 πρότερον

119 2310 336 2372 Ιῖιθόπιόπεσαν
357 2311 461 2389 θηρίον,
477 2309 541 2389 μήτ’
563 2312 740 2389 ἐπεπειρέατο
762 2310 856 2370 αὐτοῦ.
896 2312 964 2370 Εἰσὶ

165 2397 195 2457 δέ
217 2398 287 2458 κατά
307 2401 396 2459 ταῦτα
417 2397 452 2458 τοὶ
474 2398 562 2478 χωρία
584 2398 629 2457 καὶ
650 2398 760 2462 λέοντες
781 2396 895 2469 πολλοὶ,
918 2399 964 2458 καὶ

95 2488 97 2494 ’
164 2485 233 2562 βόες
251 2484 343 2568 άγριοι
359 2489 413 2546 τῶν
430 2484 466 2545 τά
485 2486 566 2564 κέρεα
583 2483 777 2566 όπερμεγάθεά
795 2489 865 2555 ἐστι,
883 2484 919 2546 τὀὶ
938 2490 964 2548 ἐς

159 2573 304 2650 Ἕλληνας
317 2573 475 2650 φοιτέοντα.
517 2571 597 2651 οὖρος
614 2574 644 2633 δέ
661 2576 737 2633 τοῖσι
754 2572 856 2634 λέουσί
871 2575 933 2632 ἐστι
949 2571 964 2632 ό

163 2689 195 2726 τε
217 2662 251 2724 δι’
271 2661 419 2740 Ἀβδήρων
440 2661 509 2740 ῥέων
529 2661 655 2738 ποταμός
678 2662 798 2732 Νέστος,
824 2660 870 2720 καὶ
891 2659 907 2721 ό
931 2657 965 2720 δι’

164 2751 345 2830 Ἀκαρνανίης
360 2749 429 2828 ῥέων
445 2748 599 2828 Ἀχελῷος·
621 2748 684 2809 οὔτε
704 2749 758 2830 γάρ
779 2747 812 2809 τό
828 2746 898 2826 πρός
914 2746 966 2823 τήν

165 2839 206 2918 ήῶ
232 2843 282 2900 τοῦ
308 2839 422 2898 Νέστου
450 2835 585 2914 οὐδαμόθι
611 2835 705 2913 πάσης
731 2840 781 2912 τῆς
808 2836 966 2913 ἔμπροσθεν

166 2927 303 3006 Εὐρώπης
315 2925 370 2986 ἴδοι
382 2950 424 2988 τις
440 2921 474 2984 άν
491 2924 601 2994 λέοντα,
615 2923 678 2984 οὔτε
695 2923 765 3000 πρός
781 2925 901 3001 ἑσπέρης
916 2925 966 2982 τοῦ

165 3013 308 3096 Ἀχελῴου
322 3019 351 3074 ἐν
363 3016 399 3092 τῇ
412 3011 547 3090 ἐπιλοίπῳ
560 3009 676 3092 ήπείριρ·
693 3009 759 3071 ἀλλ’
772 3015 802 3072 ἐν
813 3015 850 3088 τῇ
862 3009 965 3087 μεταξό

166 3102 271 3164 τούτων
283 3105 338 3163 τῶν
345 3101 483 3177 ,ποταμῶν
495 3098 625 3180 γίνονται,

123 3189 179 3251 ¹27
229 3189 277 3254 Ὡς
290 3189 320 3249 δὲ
336 3194 364 3253 ἐς
380 3187 432 3266 τήν
448 3186 561 3265 Θέρμην
577 3183 692 3244 άπίκετο
709 3185 725 3244 ὁ
742 3183 856 3262 Ξέρξης,
871 3185 966 3260 ἵδρυσε

169 3274 255 3336 αὐτοῦ
278 3275 330 3350 τήν
351 3273 496 3355 στρατιήν·
519 3272 623 3352 ἐπέσχε
645 3270 675 3330 δέ
704 3269 720 3330 ό
741 3269 862 3348 στρατός
882 3267 967 3328 αὐτοῦ
