2280 3432
174 101 314 170 125-129]
500 105 654 156 ΟΤΡᾹΝῙΔ.
924 105 981 166 271,
1005 119 1010 130 ’

175 179 265 257 θύμως
279 183 437 245 συντίθεται
450 184 604 262 προδοσίην
616 183 777 262 Τιμόξεινος
789 184 806 245 ό
821 188 875 246 τοῖν
888 185 973 249 Σκιω-

174 268 257 330 ναίων
277 271 443 352 στρατηγός·
467 271 561 333 ὅντινα
577 275 630 348 μὲν
647 272 753 350 τρόπον
772 272 869 351 οἶρχῆν,
889 274 974 353 ἔγωγε

176 356 225 416 οόκ
246 359 299 436 ἔχω
320 363 414 419 εἰπεῖν·
443 359 475 420 οὐ
495 359 550 441 γάρ
572 359 609 421 ὧν
628 363 751 442 λέγεται·
778 362 859 424 τέλος
878 361 974 437 μέντοι

175 445 267 504 τοιάδε
281 447 395 527 ε’γίνετο·
416 447 485 511 ὅκως
496 449 623 524 βυβλίον
635 448 753 528 γράψειε
770 447 789 524 ἢ
804 448 971 524 Τιμόξεινος,

176 533 278 594 ἐθέλων
305 535 382 612 παρά
408 533 584 612 Ἀρτάβαζον
610 537 728 614 πέμψαι,
756 534 774 612 ῆ
801 535 976 613 Ἀρτάβαζος

175 621 251 698 παρὰ
277 621 446 698 Τιμόξεινον,
471 621 639 698 τοξεύματος
663 623 740 700 παρὰ
762 624 812 686 τός
834 623 975 705 γλυφίδας

176 709 390 784 περιειλίξαντες
404 708 449 766 καὶ
459 708 651 786 πτερώσαντες
659 709 693 769 τό
706 711 841 786 βυβλίον,
851 711 976 780 ἐτόξευον

178 801 205 860 ἔς
217 797 399 876 συγκείμενον
418 797 529 875 χωρίον.
551 795 683 859 ε’πάῖστος
699 797 728 854 δὲ
745 798 849 877 ε’·γίνετο
863 799 878 858 ό
892 799 976 876 Τιμό-

177 884 263 954 ξεινος
289 883 434 960 προδιδοιῖς
460 883 512 958 τῆν
538 882 701 942 Ποτίδαιαν·
735 884 853 952 τοξεύων
877 886 932 965 γοὶρ
958 885 976 946 ό

176 971 352 1048 Ἀρτάβαζος
365 977 393 1034 ἐς
405 971 438 1031 τό
452 971 641 1052 συγκείμενον,
656 969 786 1048 α’μαρτιδν
805 975 855 1030 τοῦ
873 974 976 1050 χωρίου

177 1059 283 1133 τούτου,
306 1059 414 1136 βάλλει
434 1059 532 1137 α’νδρὸς
548 1057 738 1135 Ποτιδαιήτεω
755 1058 805 1118 τόν
821 1058 904 1135 ὦμον·
927 1059 977 1121 τόν

178 1147 208 1206 δὲ
220 1149 367 1224 βληθέντα
380 1149 545 1227 περιέδραμε
561 1146 668 1224 ὅμιλος,
683 1147 728 1205 οἶα
745 1147 837 1223 φιλέει
849 1147 978 1228 γίνεσθαι

179 1239 208 1295 ἕν
234 1236 358 1316 πολέμῳ·
383 1237 409 1296 οἳ
437 1235 535 1296 αὐτίκα
561 1234 594 1295 τό
620 1234 742 1312 τόξευμα
768 1235 915 1311 λαβόντες,
943 1235 978 1299 ὥς

179 1323 282 1400 ἔμαθον
302 1325 335 1384 τό
356 1326 490 1402 βυβλίον,
516 1325 615 1400 ἔφερον
639 1323 684 1382 ε’πὶ
707 1322 771 1387 τοὺς
794 1323 976 1404 στρατηγούς·

178 1415 270 1489 παρῆν
294 1412 323 1470 δὲ
346 1413 392 1472 καὶ
414 1418 469 1473 τῶν
492 1411 588 1472 ἄλλων
610 1411 798 1487 Παλληναίων
820 1413 977 1490 συμμαχίη·

178 1503 254 1559 τοῖσι
268 1500 297 1559 δὲ
311 1505 496 1583 στρατηγοῖσι
511 1500 736 1577 ἐπιλεξαμένοισι
748 1499 782 1560 τό
792 1501 919 1578 βυβλίον
932 1501 978 1559 καὶ

178 1588 302 1663 μαθοῦσι
321 1589 371 1650 τόν
391 1591 479 1650 αἴτιον
498 1593 549 1665 τῆς
568 1588 728 1666 προδοσίης,
745 1589 821 1658 ἔδοξε
837 1587 879 1666 μῆ
897 1614 978 1648 κατα-

179 1677 280 1746 πλέξαι
296 1677 458 1755 Τιμόξεινον
475 1679 623 1756 προδοσίῃ,
637 1682 687 1754 τῆς
707 1677 862 1741 Σκιωναίων
879 1676 985 1739 πόλιος

180 1763 276 1838 εἵνεκα,
296 1766 336 1842 μῆ
357 1768 515 1842 νομιζοίατο
536 1766 605 1826 εἶναι
621 1767 766 1829 Σκιωναῖοι
787 1771 814 1828 ε’ς
832 1764 882 1824 τόν
901 1765 977 1842 μετέ-

179 1876 261 1910 πειτα
274 1853 376 1929 χρόνον
387 1854 440 1911 αἰεὶ
454 1853 596 1929 προδόται·
619 1852 634 1911 ό
648 1855 699 1927 μὲν
713 1852 746 1926 δῆ
760 1851 875 1929 τοιούτῳ
884 1851 979 1930 τρόπῳ

181 1936 313 2000 ε’πάῖστος
331 1939 464 2018 ε’γεγόνεε.
506 1938 671 2015 Ἀρταβάζῳ
687 1937 717 1995 δὲ
737 1937 831 2012 ε’πειδῆ
845 1943 958 2013 πολιορ-
969 1941 1025 1998 129

181 2025 271 2082 κέοντι
290 2023 456 2104 ε’γεγόνεσαν
473 2028 546 2101 τρεῖς
563 2029 655 2100 μῆνες,
671 2022 777 2103 γίνεται
794 2022 918 2098 ἄμπωτις
931 2029 981 2100 τῆς

181 2110 331 2186 θαλάσσης
350 2110 462 2191 μεγάλη
484 2112 529 2170 καὶ
549 2111 651 2190 χρόνον
672 2109 717 2168 ε’πὶ
737 2109 856 2169 πολλόν·
879 2111 981 2174 ἰδόντες

180 2199 210 2258 δὲ
224 2201 251 2258 οἱ
265 2197 412 2277 βάρβαροι
429 2200 545 2281 τέναγος
564 2198 720 2279 γενόμενον,
734 2197 877 2275 παρῆῖσαν
890 2203 917 2260 ές
929 2198 981 2274 τῆν

181 2286 348 2364 Παλλήνην·
382 2287 417 2352 οῖς
437 2289 467 2348 δὲ
486 2287 537 2350 τός
550 2287 598 2346 δύο
618 2289 670 2364 μὲν
690 2287 789 2364 μοίρας
809 2286 980 2364 διοδοιπορή-

180 2402 275 2447 κεσαν,
290 2377 330 2436 ἔτι
350 2377 380 2436 δὲ
399 2381 472 2454 τρεῖς
492 2375 643 2436 ὑπόλοιποι
656 2375 740 2451 ἦσαν,
753 2373 812 2438 τός
822 2374 981 2438 διελθόντας

179 2469 253 2541 χρῆν
272 2466 327 2524 ἔσω
343 2465 412 2525 εἶναι
433 2471 461 2526 έν
478 2468 515 2542 τῆ
532 2463 681 2542 Παλλήνη,
696 2463 803 2538 ε’πῆλθε
820 2463 981 2539 πλημμυρὶς

180 2555 230 2624 τῆς
252 2551 401 2629 θαλάσσης
420 2553 540 2634 μεγάλη,
556 2550 612 2629 ὅση
633 2550 742 2628 οὐδαμά
762 2577 808 2621 κω,
824 2549 858 2613 ιός
879 2553 905 2608 οἶ
925 2555 980 2608 ε’πι·

181 2636 278 2715 χιόριοι
291 2639 417 2719 λέγουσι,
431 2641 571 2704 πολλάκις
583 2642 724 2723 γινομένη.
762 2643 788 2698 οἱ
801 2641 852 2715 μὲν
865 2637 899 2714 δῆ
913 2638 983 2697 νέειν

182 2722 273 2783 αὐτῶν
283 2724 332 2783 οὐκ
343 2729 523 2806 ἐπιστάμενοι
534 2729 734 2806 διεφθείροντο·
754 2727 819 2789 τοῖς
829 2727 859 2784 δὲ
869 2731 983 2784 ἐπιστα-

182 2812 281 2888 μένους
295 2816 321 2871 οἶ
339 2817 523 2892 Ποτιδαιῆται
540 2816 748 2878 ἐπιπλώσαντες
764 2807 893 2873 πλοίοισι
908 2812 982 2871 ‹ind-

183 2904 282 2958 λεσαν.
323 2901 411 2960 αἴτιον
431 2903 461 2961 δὲ
481 2905 598 2982 λέγουσι
625 2907 652 2963 οἱ
679 2902 863 2975 Ποτιδαιῆται
883 2904 933 2974 τῆς
952 2925 983 2959 τε

182 2987 281 3065 ῥηχίης
297 2989 407 3063 καὶτῆς
427 2992 622 3067 πλημμυρίδος
643 2992 689 3050 καὶ
708 2994 758 3049 τοῦ
775 2991 918 3063 Περσικοῦ
931 2987 982 3044 πά-

184 3075 246 3137 θεος
259 3077 390 3155 γενέσθαι
402 3075 475 3146 τόδε,
490 3077 534 3137 ὅτι
546 3083 596 3138 τοῦ
611 3077 801 3138 Ποσειδέωνος
815 3081 841 3137 ἐς
854 3073 903 3134 τόν
916 3072 984 3150 νηόν

184 3162 229 3222 καὶ
241 3163 275 3223 τό
289 3161 405 3245 άγαλμα
417 3163 451 3225 τό
465 3169 494 3225 ε’ν
512 3169 550 3244 τῷ
567 3165 724 3244 προαστείῳ
741 3162 893 3240 ἠσέβησαν
907 3159 984 3222 οὗτοι

183 3255 238 3312 τῶν
271 3252 406 3332 Περσέων
433 3253 531 3330 τοίπερ
563 3254 609 3313 καὶ
635 3251 829 3330 διεφθάρησαν
853 3249 908 3312 όπδ
933 3254 984 3326 τῆς
