2294 3430
211 79 351 147 ιιι-ιιι]
524 72 709 126 nomm.
841 89 845 98 ·
960 75 1005 130 ιτα

209 159 240 214 ἐκ
256 160 308 216 τοῦ
325 153 599 236 Πόντουσιταγογιέ
618 153 807 216 διεκπλώοντα
820 152 869 216 τόν
881 152 1006 231 Ἑλλήσ-

208 267 319 312 ποντον,
334 243 360 305 ἐς
372 267 404 302 τε
416 242 533 323 Αἴγιναν
543 243 589 302 καὶ
599 241 821 318 Πελοπόννησον
831 242 1007 319 κομιζόμενα·

210 332 236 388 οἶ
248 332 300 406 μὲν
313 329 347 404 δὴ
359 329 491 406 πάρεδροι
505 328 597 400 αὐτοῦ,
612 329 649 394 οἷς
661 329 795 390 ἐπύθοντο
805 329 928 406 πολέμια
939 329 1018 404 εἶναι,
1030 325 1045 370 ⁹

208 416 244 476 τό
263 419 360 486 πλοῖα,
380 420 485 492 ἑτοῖμοι
504 415 579 492 ἦσαν
599 418 699 494 αἱρέειν
719 417 798 488 αὐτὰ,
819 418 1008 494 ἐσβλέποντες

210 509 237 568 ἐς
259 504 308 564 τόν
331 505 459 580 βασιλέα
480 503 561 564 όκότε
583 506 779 586 παραγγελέει·
807 505 823 566 ὅ
847 506 876 565 δὲ
902 503 1044 584 Ξέρξηςιί

210 592 298 670 ε’ίρετο
318 591 424 662 αὐτοῦς,
443 589 496 668 ὅκη
515 593 641 662 πλέοιεν;
667 596 693 653 οἱ
713 593 744 652 δέ
763 593 851 654 εἶπαν·
873 603 892 629 “
900 598 928 657 ἐς
943 595 1008 658 τούς

210 679 279 742 σούς
297 679 458 756 πολεμίους,
480 679 501 738 ὦ
521 679 653 750 δέσποτα,
675 684 756 740 σῖτον
776 679 914 762 ἅγονπες·”
940 680 957 742 ό
977 680 1023 742 δέι

209 765 364 842 θπολαβῶν
391 768 455 843 ἔφη·
483 767 558 826 “ofin
579 766 617 828 ὧν
637 768 683 826 καὶ
703 767 782 844 ἡμεῖς
803 771 859 827 ἐκεῖ
884 769 1010 846 πλέομεν

210 854 328 932 ἔνθαπερ
346 855 392 914 καὶ
410 853 486 914 οὗτοι
503 855 582 914 τοῖσί
597 880 628 914 τε
641 855 758 914 ὅλλοισι
771 855 947 932 ἐξῃρημέναι
961 859 1007 917 καὶ

210 942 296 1022 σίπῳ;
316 943 347 1002 τί
358 943 428 1018 δῆτα
440 941 581 1002 ἀδικέουσι
595 940 671 1000 οὗτοι
683 941 750 1017 ἡμῖν
763 943 841 1002 σιτία
853 946 1018 1020 παρακομί-Δ

181 1039 185 1048 ’
210 1029 329 1100 ζοντες;”
360 1033 386 1090 οἱ
406 1031 459 1106 μέν
478 1055 526 1090 νυν
546 1029 721 1088 κατάσκοποι
748 1030 817 1089 οὕτω
839 1029 1009 1107 θεησάμενοί

148 1184 152 1188 ,
209 1143 241 1178 τε
253 1119 299 1177 καὶ
312 1118 542 1195 ἀποπεμφθέντες
555 1116 712 1194 ἐνόστησαν
725 1123 752 1182 ἐς
761 1117 813 1194 τὴν
825 1116 971 1194 Εὕριίτηην.

251 1207 289 1266 Οἱ
304 1206 333 1265 δέ
352 1205 509 1283 συνωμόται
522 1204 667 1282 Ἑλλήνων
680 1206 726 1265 ἐπὶ
741 1209 779 1284 τῷ
795 1205 902 1283 Πέρσῃ,
916 1205 987 1282 μετοὶ
997 1207 1055 1267 148

209 1291 262 1368 τὴν
282 1291 445 1372 ἀπόπεμψιν
463 1297 518 1354 τῶν
538 1293 730 1366 κατασκόπων,
751 1293 864 1371 δεύτερα
884 1294 1008 1370 ἔπεμπον

211 1385 238 1444 ἐς
252 1379 357 1462 Ἀργος
376 1381 523 1462 ἀγγέλους.
563 1380 686 1464 Ἀργεῖοι
706 1382 736 1442 δέ
755 1384 873 1463 λέγουσι
891 1381 928 1442 τό
948 1382 1006 1443 κατ’
1024 1399 1047 1416 ’“

211 1468 325 1532 ἔωυτούς
344 1469 476 1550 γενέσθαι
497 1468 558 1530 ὦδε·
585 1471 725 1532 πυθέσθαι
747 1469 803 1551 γιὶρ
827 1469 925 1530 αὐτίκα
948 1469 1007 1530 κατ’

159 1549 163 1560 “
210 1555 298 1636 ιίρχοὶς
312 1556 348 1616 τοὶ
364 1562 394 1616 ἐκ
410 1561 460 1618 τοῦ
473 1557 624 1636 βαρβάρου
641 1557 801 1639 ἐγειρόμενα
818 1558 864 1617 ἐπὶ
878 1557 930 1634 τὴν
941 1557 1007 1618 Ἑλ-

209 1644 291 1716 λιίδα,
304 1643 456 1722 πυθόμενοι
472 1645 510 1714 δέ,
525 1645 570 1704 καὶ
586 1645 721 1723 μαθόντες
739 1644 774 1709 ὥς
791 1653 883 1722 σφεας
900 1648 926 1705 οἱ
938 1644 1007 1706 ’Έλ-

209 1735 292 1808 ληνες
300 1731 481 1808 πειρήσονται
490 1732 761 1810 παραλαμβάνοντες
769 1735 814 1794 ἐπὶ
823 1733 873 1794 τδν
881 1734 1005 1811 Πέρσην,

209 1819 320 1895 πέμψαι
335 1818 507 1895 θεοπρόπους
523 1826 550 1882 ἐς
564 1822 703 1896 Δελφοῦς,
716 1820 766 1882 τόν
782 1820 847 1882 θεὸν
863 1825 1007 1899 ἐπειρησο-

209 1906 308 1981 μένους
331 1904 366 1966 ὦς
387 1911 443 1978 σφι
464 1907 564 1981 μέλλει
585 1905 701 1984 ἄριστον
723 1913 836 1969 ποιεῦσι
856 1909 1037 1989 γενέσθαι>’
1065 1901 1067 1911 ’

211 1991 310 2049 νεωστὶ
319 1989 374 2070 γὰρ
387 1990 484 2066 σφέων
496 1991 624 2053 τεθνάναι
637 1993 841 2075 ἑξακισχιλίους
853 1994 908 2055 firm*
918 2002 1007 2056 Λακε·

211 2077 358 2153 δαιμονίων
370 2078 417 2137 καὶ
430 2079 604 2155 Κλεομένεος
615 2085 665 2140 τοῦ
678 2081 901 2161 Ἀναξανδρίδεω·
921 2083 1007 2142 τῶνδε

212 2162 245 2240 δὴ
256 2165 345 2225 εἵνεκα
354 2166 483 2243 πέμπειν·
496 2165 548 2243 τὴν
558 2167 587 2227 δέ
598 2169 707 2246 Πυθίην
718 2175 886 2249 ἐπειρωτῶσι
896 2169 1008 2232 αὐτοῖσι
1091 2165 1093 2170 ’

211 2250 407 2315 ἅνελεῖντόδε·

269 2360 362 2424 Έχθρὲ
377 2361 559 2425 περικτιόνεσσι,
579 2359 628 2422 φίλ’
647 2362 787 2412 ἐθανάτωσε
804 2365 887 2424 θεοῖσι,

274 2436 331 2484 εἴσω
346 2435 388 2484 τδν
405 2435 551 2498 προβόλαιον
567 2435 631 2496 ἔχων
646 2436 832 2496 πεφυλαγμένος
848 2433 903 2496 ἧσο,

274 2508 316 2554 καὶ
331 2508 441 2568 κεφαλὴν
457 2509 593 2569 πεφύλαξο·
616 2506 677 2569 κιίρη
694 2507 720 2556 δέ
735 2507 765 2556 τὸ
781 2508 852 2567 σῶμα
868 2507 967 2558 σαιίσει.

209 2609 297 2667 ταῦτα
317 2611 369 2684 μὲν
388 2607 440 2685 τὴν
458 2609 568 2686 Πυθίην
586 2612 695 2688 χρῆσαι
713 2607 858 2687 πρότερον·
878 2607 950 2687 μετὰ
969 2608 1007 2680 δέ,

211 2691 246 2755 ὦς
263 2695 355 2755 ἐλθεῖν
369 2696 433 2759 τούς
450 2695 589 2778 ἀγγέλους
605 2701 633 2759 ἐς
651 2695 685 2772 δὴ
701 2695 735 2756 τδ
747 2695 861 2778 Ἄργος,
880 2697 1009 2758 ἐπελθεῖν

211 2779 257 2838 ἐπὶ
268 2780 301 2840 τό
314 2782 517 2860 βουλευιὴριον
526 2784 572 2844 καὶ
585 2782 723 2864 λέγειντᾶ
734 2784 928 2860 ἐντεταλμένα·
943 2782 1009 2847 τούς

211 2865 241 2926 δὲ
258 2867 328 2945 πρός
342 2868 377 2927 τὰ
394 2869 533 2950 λεγόμενα
549 2869 761 2948 ὕποκρίνασθαι,
775 2869 811 2934 οἷς
828 2871 937 2948 ἐτοῖμοί
952 2874 1008 2930 εἶσι

209 2951 333 3036 Ἀργεῖοι
344 2957 447 3016 ποιέειν
459 2962 555 3030 ταῦτα,
568 2957 717 3036 τριήκοντα
731 2959 793 3018 ἐτεα
806 2957 916 3036 εἰρήνην
929 2983 1008 3018 σπει-

210 3041 329 3122 σάμενοι
353 3044 598 3121 Λακεδαιμονίοισι
625 3046 673 3104 καὶ
699 3045 846 3127 ἡγεόμενοι
875 3044 946 3104 κατὰ
973 3043 1007 3105 τό

209 3129 299 3210 ἥμισυ
320 3129 416 3208 πόσης
437 3136 488 3208 τῆς
510 3133 681 3212 συμμαχίης·
709 3133 799 3192 καίτοι
822 3131 893 3191 κατιί
915 3157 949 3212 γε
974 3130 1008 3192 τό

210 3219 315 3283 δίκαιον
332 3220 464 3302 γίνεσθαι
480 3219 532 3296 τὴν
547 3219 700 3300 ἡγεμονίην
720 3221 833 3287 ἑωυτῶν,
851 3217 917 3278 ἀλλ’
934 3218 1008 3296 ὅμως
