2280 3432
178 110 283 174 12-16]
479 109 668 160 κιικιοῐιιι.
928 113 976 164 287

175 188 294 270 ἀγγελίη
308 190 343 254 ὦς
356 189 437 254 άλέες
456 190 554 268 εἴησαν
572 195 599 250 οἱ
614 191 754 267 Ἕλληνες
769 196 799 252 ἓν
810 195 850 272 τῷ
860 191 975 273 Ἰσθμῷ·

175 276 245 336 οὕτω
272 277 305 354 δὴ
333 279 424 339 ὀπίσω
452 278 597 357 ἐπορεύετο
622 279 667 339 διαὶ
689 279 836 356 Δεκελέης·
872 283 899 339 οἱ
921 281 975 362 γάρ

174 365 349 446 βοιωτάρχαι
379 369 592 446 μετεπέμψαντο
621 368 686 432 τούς
713 368 896 448 προσχώρους
921 374 975 430 τῶν

174 451 330 515 Ἀσωπίων·
352 453 429 515 οὗτοι
443 456 472 514 δὲ
485 454 558 536 αύτῷ
570 456 622 532 τήν
635 455 701 517 ὁδόν
714 457 831 538 ἡγέοντο
845 461 872 519 ἐς
886 459 975 533 Σφεν-

175 540 285 606 δαλέας·
315 545 439 604 ε’νθεῦτεν
460 543 489 602 δὲ
512 549 539 607 ές
561 545 716 625 Τανάγρην·
746 550 774 604 έν
796 543 924 624 Τανάγρῃ
946 545 976 604 δὲ

175 627 260 688 νύκτα
280 630 504 707 ἐναυλισάμενος,
530 633 575 690 καὶ
595 631 768 707 τραπόμενος
787 635 823 710 τῇ
842 631 976 711 ὑστεραίῃ

175 718 203 778 ές
219 718 342 787 Σκῶλον,
365 721 394 777 έν
414 722 451 798 γῇ
467 722 503 796 τῇ
520 718 652 794 Θηβαίων
668 716 712 793 ἦν·
734 719 851 778 ε’νθαῦτα
872 720 901 778 δὲ
921 724 975 781 τῶν

175 804 308 880 Θηβαίων
322 806 419 881 καίπερ
432 805 601 881 μήδιζόντων
615 806 699 881 ἔκειρε
712 803 776 867 τούς
788 805 901 883 χοίρους,
917 807 976 868 οὔτι

176 892 246 952 κατά
273 893 354 971 ἔχθος
381 891 477 963 αὐτῶν,
507 891 572 951 ἀλλ’
598 891 645 951 ὕπ’
672 891 822 973 ἀναγκαίης
851 894 976 973 μεγάλης

176 979 316 1059 ε’χόμενος.
357 979 533 1056 βουλόμενος
553 977 640 1056 ἔρυμά
659 1005 690 1038 τε
710 983 748 1058 τῷ
768 983 878 1058 στρατῷ
898 981 976 1057 ποιή-

176 1069 292 1142 σασθαι,
307 1069 353 1126 καὶ
365 1065 399 1144 ἢν
418 1066 598 1144 συμβαλόντι
607 1071 639 1126 οἶ
655 1066 830 1144 μηὶέκβαίνη
844 1066 936 1126 ὁκοῖόν
948 1094 976 1128 τι

177 1156 276 1226 ἐθέλοι,
304 1155 500 1238 κρησφύγετον
526 1161 608 1216 τοῦτο
639 1156 771 1215 ἐποιέετο.
792 1231 794 1234 Ι
813 1158 920 1232 παρῆκε
946 1156 976 1216 δὲ

177 1242 261 1303 αύτοῦ
284 1244 316 1304 τό
344 1243 532 1320 στρατόπεδον
558 1243 713 1320 ἀρξάμενον
739 1241 796 1302 όπό
823 1241 976 1320 Ἐρυθρέων

176 1331 252 1409 παρά
270 1331 378 1395 Ὑσιάς·
408 1333 543 1392 κατέτεινε
564 1331 593 1390 δὲ
614 1336 641 1394 ές
659 1330 712 1406 τὴν
733 1330 893 1389 Πλαταιίδα
912 1335 975 1411 γῆν,

176 1419 252 1496 παρά
271 1420 321 1479 τόν
340 1419 471 1479 Ἀσωπόν
490 1418 617 1494 ποταμόν
637 1419 814 1500 τεταγμένον·
836 1416 868 1476 οὐ
880 1419 975 1494 μέντοι

176 1505 210 1566 τό
228 1533 261 1588 γε
280 1510 372 1585 τεῖχος
392 1511 528 1567 τοσοῦτον
549 1506 680 1578 ε’ποιέετο,
702 1504 767 1565 ἀλλ’
788 1505 824 1568 ὦς
844 1505 890 1564 ε’πὶ
910 1505 975 1564 δέκα

177 1595 305 1658 σταδίους
316 1594 444 1671 μάλιστά
459 1621 493 1670 κη
506 1595 634 1672 μέτωπον
648 1595 773 1654 ἕκαστον.

216 1681 352 1761 Ἐχόντων
379 1683 408 1741 δὲ
435 1683 483 1742 τόν
503 1681 589 1742 πόνον
609 1685 707 1742 τοῦτον
727 1685 782 1742 τῶν
808 1681 1030 1759 βαρβάρων,16,

175 1770 336 1850 Ἀτταγῖνος
355 1769 372 1828 ό
392 1768 542 1846 Φρύνωνος,
556 1769 626 1846 όνὴρ
647 1771 782 1845 Θηβαῖος,
799 1795 975 1845 παρασκευα-

176 1856 296 1932 σάμενος
315 1856 451 1935 μεγάλως,
466 1855 562 1914 ἐκάλεε
583 1857 628 1914 ε’πὶ
649 1857 734 1924 ξείνια
753 1855 837 1914 αὐτόν
849 1881 880 1914 τε
896 1863 975 1933 Μαρ-

176 1942 266 2001 δόνιον
280 1942 326 1999 καὶ
338 1941 509 2016 πεντήκοντα
527 1942 660 2018 Περσέων
678 1942 742 2004 τούς
759 1941 975 2020 λογιμωτάτους·

176 2029 323 2104 κληθέντες
340 2029 370 2086 δὲ
386 2026 463 2088 οὗτοι
479 2029 587 2087 ἕποντο·
608 2027 643 2103 ἦν
661 2028 690 2087 δὲ
710 2028 742 2087 τό
762 2028 871 2088 δεῖπνον
884 2029 975 2088 ποιεύ-

174 2142 258 2193 μενον
279 2121 307 2176 έν
326 2116 452 2194 Θήβησι.
494 2116 529 2175 τά
546 2117 575 2175 δὲ
596 2115 649 2192 ἤδη
669 2116 705 2176 τό
724 2117 857 2175 ἐπίλοιπα
874 2115 975 2192 ἤκουον

175 2204 360 2282 Θερσάνδρου,
376 2202 474 2280 α’νδρὸς
490 2206 542 2279 μὲν
561 2203 753 2282 Ὀρχομενίου,
773 2205 893 2285 λογίμου
906 2205 935 2263 δὲ
949 2211 976 2268 ές

174 2291 209 2354 τό
223 2295 319 2370 πρῶτα
333 2298 361 2352 έν
377 2289 547 2370 Ὀρχομενῷ·
570 2293 624 2368 ἔφη
643 2292 672 2350 δὲ
688 2291 703 2352 ό
720 2291 896 2368 Θέρσανδρος
910 2297 976 2370 κλη-

175 2383 256 2457 θῆναι
270 2382 316 2440 καὶ
326 2380 409 2444 οὗτός
418 2379 472 2439 ὑπό
482 2379 647 2460 Ἀτταγίνου
658 2380 703 2438 ε’πὶ
713 2379 745 2440 τό
760 2379 869 2439 δεῖπνον
881 2385 973 2440 τοῦτο·

175 2469 312 2543 κληθῆναι
333 2470 362 2528 δὲ
384 2469 430 2527 καὶ
448 2469 581 2544 Θηβαίων
602 2467 702 2545 ἄνδρας
718 2467 898 2543 πεντήκοντα·
929 2469 979 2528 καί

175 2560 272 2628 σφεων
281 2554 313 2613 ού
322 2558 405 2634 χωρὶς
416 2558 559 2633 ἑκατέρους
568 2559 668 2628 κλῖναι,
678 2557 754 2615 α’λλά
764 2557 881 2633 Πέρσην
890 2583 921 2616 τε
931 2557 976 2616 καὶ

175 2642 304 2716 Θηβαῖον
318 2648 346 2702 ἒν
360 2643 440 2720 κλίνῃ
454 2644 566 2723 ἑκάστη·
601 2644 636 2707 ὥς
649 2644 679 2703 δὲ
692 2643 748 2704 α’πό
767 2644 878 2705 δείπνου
891 2644 974 2719 ἦσαν,

176 2727 361 2798 διαπινόντων,
382 2730 432 2790 τόν
452 2733 569 2808 Πέρσην
594 2732 644 2792 τόν
671 2731 828 2809 ὁμόκλινον,
849 2731 977 2790 Ἑλλάδα

174 2819 313 2895 γλῶσσαν
347 2817 429 2886 ἱέντα,
458 2820 581 2896 εἴρεσθαι
611 2818 696 2879 αὐτόν
726 2818 866 2881 ὁποδαπός
890 2824 974 2889 ’έστις

175 2901 258 2965 αὐτός
279 2903 307 2961 δὲ
327 2902 529 2980 ύποκρίνασθοι
549 2907 585 2970 οἷς
601 2908 642 2982 ε’ίη
660 2906 852 2985 Ὀρχομένιος·
879 2905 928 2966 τόν
946 2907 976 2965 δέ

176 2993 272 3049 εἰπεῖν·
287 2999 304 3025 “
313 2992 372 3049 ἐπεὶ
382 2994 431 3051 νῦν
443 2992 631 3071 ὁμοτράπεζός
641 2995 672 3054 τέ
685 3021 733 3072 μοι
744 2994 789 3052 καὶ
800 2993 977 3071 ὁμόσπονδος

177 3079 278 3160 ε’γένεο,
292 3078 458 3156 μνημόσυνά
477 3107 520 3140 τοι
540 3082 650 3163 γνιόμης
669 3086 719 3158 τῆς
740 3087 807 3159 ε’μῆς
828 3081 976 3141 καταλιπέ-

176 3167 245 3227 σθαι
266 3166 347 3238 θέλω,
373 3168 417 3228 ἶνα
437 3169 483 3228 καὶ
503 3169 637 3247 προειδιδς
657 3168 739 3234 αύτὸς
765 3170 828 3246 περὶ
855 3171 977 3230 σεωυτοῦ

175 3254 367 3330 βουλεύεσθαι
394 3257 458 3338 έχης
483 3256 519 3317 τό
541 3257 732 3336 συμφέροντα·
773 3257 839 3338 ὁρᾷς
865 3256 978 3323 τούτους
