2280 3432
175 114 224 163 τοι
491 112 672 162 Ἦνοιοτου
909 111 974 176 [lx.

174 191 233 269 ἅμα
245 190 276 251 δὲ
287 194 425 268 πυρσοῖσι
438 189 484 250 διὰ
497 189 589 266 νήσων
600 189 690 249 ἐδόκεε
703 189 824 266 βασιλέι·
836 189 975 266 δηλώσειν

175 278 248 339 ε’όντι
268 283 297 338 έν
318 277 444 354 Σάρδισι,
464 276 508 336 ὅτι
528 278 587 356 ἔχοι
607 275 736 353 Ἀθήνας.
778 278 808 341 ὃς
829 277 891 337 οὐδὲ
910 279 975 339 τότε

174 365 340 442 ἀπικόμενος
367 370 394 428 ἔς
413 364 465 440 τήν
484 363 614 440 ’Λττικήν
635 362 696 441 εὗρε
718 365 782 429 τοῧς
801 364 973 441 Ἀθηναίους,

174 452 240 512 ἀλλ’
262 455 290 512 ἔν
316 478 347 512 τε
374 453 513 529 Σαλαμῖνι
539 452 604 515 τοῦς
629 454 781 516 πλείστους
807 453 974 514 ε’πυνθαίνετο

176 538 252 608 εἶναι,
271 541 299 600 έν
316 565 347 599 τε
364 543 432 618 τῇσι
452 541 543 615 νηυσί·
564 541 648 616 αἱρέει
668 564 699 599 τε
720 545 822 617 ἐρῆμον
839 540 872 599 τό
891 539 974 601 ἄστυ.

174 627 194 703 ή
207 627 236 686 δὲ
249 628 389 706 βασιλέος
401 627 508 704 αἵρεσις
522 632 549 690 ές
564 627 615 702 τήν
629 627 779 704 όστεραίην
795 627 847 704 τήν
860 628 973 705 Μαρδο-

174 716 234 774 νίου
247 715 446 792 ἐπιστρατηίην
460 715 611 791 δεκάμηνος
625 717 742 795 ἐγένετο.

147 805 167 864 4
215 801 294 861 Ἐπεὶ
308 803 337 861 δὲ
351 807 379 862 έν
391 800 528 880 Ἀθήνῃσι
543 803 651 882 ἐγένετο
663 802 678 862 ὁ
689 803 855 880 Μαρδόνιος,
870 804 973 882 πέμπει

175 894 202 953 ές
232 892 379 967 Σαλαμῖνα
408 889 590 968 Μουρυχίδην
624 888 709 968 ἄνδρα
739 889 972 966 Ἑλλησπόντιον,

175 977 297 1055 φέροντα
309 977 373 1040 τούς
386 976 484 1039 αὖτούς
501 977 604 1056 λόγους
621 977 686 1040 τοῦς
702 977 747 1036 καὶ
760 977 943 1054 Ἀλέξανδρος
956 977 972 1037 ό

174 1065 310 1124 Μακεδών
336 1069 412 1125 τοῖσι
434 1063 609 1139 Ἀθηναίοισι
634 1063 843 1141 διεπόρθμευσε.
884 1069 972 1124 ταῦτα

174 1152 204 1212 δὲ
221 1154 254 1213 τό
276 1152 401 1230 δεύτερον
421 1151 587 1226 α’πέστελλε,
603 1153 728 1231 προέχων
743 1156 795 1230 μὲν
814 1157 869 1213 τῶν
888 1151 972 1230 Ἀθη·

175 1242 257 1301 ναίων
271 1241 303 1300 οὗ
318 1241 416 1316 φιλίας
428 1238 547 1320 γνώμας,
562 1241 680 1310 ἐλπίζων
695 1241 727 1299 δέ
744 1246 835 1316 σφεας
852 1239 972 1316 θπήσειν

172 1332 223 1404 τῆς
239 1327 444 1410 ἀγνωμοσύνης,
459 1326 496 1390 ώς
514 1327 683 1404 δοριαλώτου
701 1327 800 1404 ἐούσης
815 1327 909 1403 πόσης
921 1332 971 1404 τῆς

172 1413 301 1490 Ἀττικής
321 1414 412 1494 χώρης
431 1415 476 1472 καὶ
497 1415 597 1490 ἐούσης
617 1413 670 1490 ήδη
689 1414 734 1473 ὑπ’
752 1419 848 1493 ἑωυτῷ·
868 1413 970 1474 τούτων

173 1505 225 1579 μέν
256 1504 345 1562 εἵνεκα
375 1499 522 1578 α’πέπεμψε
549 1501 729 1580 Μουρυχιδην
759 1506 785 1564 ές
813 1503 969 1578 Σαλαμῖνα.

145 1590 207 1648 ὄὉ
226 1591 263 1662 δὲ,
281 1588 446 1666 ἀπικόμενος
467 1590 512 1647 ε’πὶ
530 1589 581 1664 τήν
601 1589 719 1665 βουλήν,
744 1591 822 1670 ἔλεγε
839 1590 875 1649 τοὶ
894 1590 970 1668 παρὰ

172 1677 342 1753 Μαρδονίου·
366 1679 421 1736 τῶν
441 1676 470 1734 δὲ
489 1678 664 1753 βουλευτέων
684 1677 803 1753 Λυκίδης
824 1676 883 1736 εἶπε
902 1677 970 1760 γνώ-

171 1790 236 1840 μην,
248 1762 283 1826 ώς
297 1766 323 1822 οῖ
337 1761 428 1822 ἐδόκεε
441 1761 552 1841 ἄμεινον
563 1763 632 1824 εἶναι
645 1764 807 1840 δεξαμένους
820 1764 869 1824 τόν
882 1765 970 1845 λόγον

171 1851 222 1912 τόν
251 1858 307 1928 σφι
333 1853 511 1930 Μουρυχίδης
540 1853 683 1930 προφέρει,
712 1853 842 1922 ἐξενεῖκαι
869 1857 896 1916 ές
920 1852 970 1913 τόν

172 1939 270 2017 δῆμον·
292 1939 308 2000 ό
322 1941 374 2018 μὲν
393 1940 426 2015 δή
442 1939 546 2018 ταύτην
557 1940 609 2016 τήν
627 1939 739 2021 γνώμην
753 1939 930 2016 ἀπεφαίνετο,
945 1941 971 2000 εί

170 2054 201 2088 τε
217 2029 250 2105 δή
268 2029 428 2110 δεδεγμένος
444 2027 576 2107 χρήματα
595 2029 670 2104 παραὶ
684 2029 844 2106 Μαρδονίου
858 2028 883 2086 εί
898 2053 930 2087 τε
943 2031 970 2087 οῖ

171 2117 217 2175 καὶ
229 2122 316 2177 ταῦτα
331 2116 450 2176 ἑάνδανε·
470 2115 614 2192 Ἀθηναῖοι
631 2115 660 2175 δὲ
678 2114 776 2175 αὐτίκα
790 2116 878 2175 δεινόν
890 2141 970 2191 ποιη-

172 2205 296 2280 σάμενοι,
322 2204 351 2262 οἵ
371 2229 402 2262 τε
427 2207 456 2261 έκ
479 2207 529 2278 τής
551 2205 661 2279 βουλῆς
684 2204 730 2262 καὶ
754 2207 780 2262 οἱ
803 2203 908 2273 ἔξωθεν,
935 2203 970 2267 ώς

170 2292 313 2359 ε’πόθοντο,
328 2289 507 2366 περιστάντες
521 2291 642 2350 Λυκίδεα
660 2292 830 2350 κατέλευσαν
842 2291 969 2367 βάλλον-

169 2405 222 2448 τες,
240 2377 290 2437 τόν
312 2378 341 2436 δὲ
360 2377 586 2454 Ἑλλησπόντιον
604 2379 782 2458 Μουρυχίδεα
800 2378 969 2456 ἀπέπεμψαν

170 2465 277 2525 α’σινέα·
298 2465 446 2544 γενομένου
462 2466 491 2524 δὲ
508 2466 632 2544 θορύβου
647 2472 675 2525 έν
692 2470 728 2544 τῇ
748 2468 886 2543 Σαλαμῖνι
905 2467 970 2542 περὶ

169 2552 218 2612 τόν
237 2552 365 2622 Λυκίδεα,
381 2552 566 2614 πυνθάνονται
583 2553 616 2613 τό
634 2553 779 2635 γινόμενον
797 2557 826 2612 αἱ
842 2557 970 2634 γυναῖκες

169 2643 224 2699 τών
237 2639 398 2716 ’Λθηναίων
420 2641 655 2718 διακελευσαμένη
668 2641 697 2700 δὲ
709 2640 779 2722 γυνή
792 2642 909 2722 γυναικὶ,
923 2641 970 2703 καὶ

169 2729 387 2804 παραλαβοῦσα,
406 2729 451 2788 ε’πὶ
469 2728 521 2803 τήν
536 2728 659 2788 Λυκίδεω
679 2729 767 2805 οἰκίην
784 2728 870 2804 ἤϊσαν
888 2727 969 2786 αὐτο·

170 2817 270 2885 κελέες,
295 2817 341 2874 καὶ
365 2815 434 2875 καταὶ
458 2817 509 2893 μὲν
533 2817 651 2875 ἔλευσαν
672 2815 757 2875 αὐτοῦ
777 2816 828 2892 τήν
851 2817 969 2896 γυναῖκα

170 2903 240 2963 κατὰ
255 2905 284 2964 δὲ
297 2905 331 2963 τό
345 2905 435 2964 τέκνα.

142 2993 160 3051 6
209 2990 256 3054 Ἐς
270 2992 299 3050 δὲ
312 2991 362 3066 τήν
382 2994 529 3069 Σαλαμῖνα
547 2992 685 3068 διέβησαν
704 2995 730 3052 οἱ
743 2990 886 3068 Ἀθηναῖοι
905 2989 968 3051 ὧδε·

169 3078 216 3141 ἕως
242 3081 294 3155 μὲν
315 3079 517 3155 προσεδέκοντο
540 3078 590 3138 τόν
617 3084 646 3137 ἔκ
673 3083 723 3154 τῆς
745 3077 969 3153 Πελοποννήσου

168 3165 291 3240 στρατόν
303 3165 379 3240 ἥξειν
395 3163 589 3242 τιμωρήσοντά
607 3171 671 3242 σφι,
686 3168 713 3224 οἱ
729 3167 758 3224 δέ
776 3167 872 3243 έμενον
888 3169 917 3225 έν
929 3169 967 3245 τῇ

167 3246 290 3328 Ἀττικῇ·
304 3253 363 3311 ἐπεὶ
376 3251 406 3310 δὲ
419 3254 446 3311 οἱ
458 3253 510 3326 μὶν
518 3251 677 3330 μακρότεραί
688 3277 720 3312 τε
733 3252 778 3310 καὶ
791 3251 967 3330 σχολαίτερα

1117 3073 1124 3138 ί
