2280 3432
155 127 263 192 11—16]
481 127 634 178 ουτικιι.
907 127 953 175 22⁵

154 206 279 266 τοῦτοισι
302 207 354 283 μὲν
372 204 487 282 τοιαῦτη
507 205 558 276 νῦξ
577 207 691 286 ἐγίνετο.
733 208 816 266 Τοῖσι
837 206 867 266 δέ
886 207 1002 285 vax-13

155 295 230 354 θεῖσι
244 293 332 354 αῦτιῦν
347 292 515 369 περιπλώειν
527 292 655 369 Εῦβοιαν
673 287 692 368 ἡ
709 293 778 370 αῦτή
796 303 848 370 πἐρ
868 298 955 352 ἐοῦσα

154 381 206 452 νῦξ
231 382 342 442 πολλὰν
367 379 403 458 ἦν
430 383 470 441 ἔτι
496 379 657 463 ἀγριωτέρη,
686 381 812 461 τοσούτῳ
840 381 898 461 ὅσῳ
925 386 955 441 ἐν

154 470 273 552 πελάγεϊ
292 471 474 548 φερομένοισι
495 471 637 530 ἐπέπιπτε.
678 471 724 528 καὶ
743 469 776 529 τό
797 470 879 532 τέλος
899 476 955 546 σφι

155 558 263 638 ἐγένετο
281 556 374 636 ἄχαρι·
397 556 432 620 ώς
448 558 503 638 γὰρ
523 557 557 634 δὴ
577 557 706 618 πλώουσι
725 557 836 618 αῦτοῖσι
851 557 955 638 χειμών

154 671 185 705 τε
199 647 244 704 καὶ
257 644 290 705 τῦ
303 645 374 726 ὕδωρ
392 645 540 726 ἐπεγίνετο,
558 649 637 707 ἐοῦσι
656 645 727 705 κατὰ
743 645 778 706 τά
791 649 888 704 Κοῖλα
905 649 955 721 τῆς

155 733 289 810 Εὐβοίης,
304 733 454 810 φερόμενοι
466 737 504 812 τῷ
522 733 658 810 πνεύματι
675 735 721 795 καὶ
737 733 786 793 οῦκ
805 733 905 797 εἰδότες
919 737 956 813 τῇ

156 822 298 898 ἐφέροντο,
313 821 460 890 ἐξέπιπτον
479 821 549 898 πρός
564 822 615 884 τὰς
631 822 742 897 πέτρας.
785 821 907 882 ἐποιέετό
924 847 955 880 τε

155 913 212 968 πᾶν
225 908 280 968 ῦπὸ
298 911 348 968 τοῦ
362 908 435 978 θεοῦ,
450 907 519 971 ὅκως
535 906 569 968 ἂν
588 908 731 984 ἐξισωθείη
747 906 956 988 τῷἙλληνικῷ

155 995 188 1054 τῦ
203 995 354 1072 Περσικὸν,
368 995 439 1072 μηδὲ
451 999 550 1074 πολλῷ
563 995 651 1056 πλέον
665 996 716 1069 εἴη.

197 1079 283 1142 Οῦτοι
303 1083 355 1159 μέν
375 1108 422 1142 νυν
443 1083 507 1160 περὶ
530 1082 565 1142 τοὶ
587 1086 682 1141 Κοῖλα
699 1086 749 1158 τῆς
769 1081 895 1159 Εῦβοίης
918 1082 954 1142 δι·
966 1084 1003 1142 14

156 1170 329 1246 εφθείροντο·
358 1172 385 1229 οἶ
413 1169 436 1228 δ’
457 1175 486 1230 ἐν
504 1169 644 1248 Ἀφέτῃσι
668 1169 822 1246 βάρβαροι,
845 1168 880 1232 ὥς
899 1176 956 1246 σφι

155 1258 306 1334 ἀσμένοισι
313 1257 403 1336 ἡμέρη
412 1259 564 1337 ἐπέλαμψε,
574 1257 694 1335 ἀτρέμας
703 1284 734 1318 τε
745 1259 821 1338 εἶχον
828 1257 878 1322 τὰς
885 1258 955 1329 νέας,

156 1347 205 1404 καί
215 1352 271 1421 σφι
284 1344 436 1425 άπεχρέετο
452 1351 540 1410 κακῶς
560 1346 726 1424 πρήσσουσι
744 1346 866 1425 ἡσυχίην
879 1345 957 1427 ἅγειν

156 1437 185 1493 ἐν
205 1436 243 1511 τῷ
262 1435 409 1511 ιταρέοντι·Ι
429 1438 506 1494 τοῖσι
526 1435 556 1493 δέ
571 1433 699 1509 Ἕλλησι
720 1433 879 1510 ἐπεβώθεον
898 1434 956 1497 νέες

155 1525 229 1598 τρεῖς
242 1521 288 1580 καὶ
305 1521 477 1598 πεντήκοντα
490 1521 624 1582 Ἀττικαί.
665 1519 750 1582 αῦταί
764 1547 796 1582 τε
815 1521 849 1598 δή
858 1527 953 1597 σφεας

156 1609 317 1688 ἐπέρρωσαν
343 1608 517 1688 α’πικόμεναι,
545 1610 591 1668 καὶ
612 1608 671 1687 ἅμα
691 1609 810 1693 ἀγγελίῃ
831 1610 956 1670 ἐλθοῦσα

156 1695 191 1760 ὦς
206 1702 266 1758 τῦν
291 1699 448 1776 βαρβάρων
476 1701 503 1757 οἱ
529 1698 734 1776 περιπλώοντες
747 1698 804 1774 ’τήν
829 1697 957 1776 Εὔβοιαν

155 1785 255 1849 πάντες
289 1787 387 1861 εἴησαν
413 1787 611 1863 διεφθαρμένοι
641 1785 697 1846 ῦπῦ
726 1789 776 1844 τοῦ
807 1786 957 1866 γενομένου

155 1877 298 1950 χειμῶνος·
320 1873 495 1949 φυλάξαντες
511 1873 540 1931 δέ
553 1873 604 1946 τὴν
618 1871 704 1946 αῦτὴν
722 1871 802 1948 ὥρην,
817 1873 957 1934 πλώοντες

157 1960 295 2019 ἐπέπεσον
315 1960 398 2034 νηυσὶ
418 1960 591 2034 Κιλίσσῃσι·
615 1957 717 2020 ταῦτας
733 1958 763 2016 δὲ
781 1958 956 2034 διαφθείραν-

155 2070 209 2114 τες,
231 2045 266 2109 ds
288 2045 410 2123 εὐφρόνη
435 2047 552 2126 ἐγένετο,
574 2043 723 2103 ἀπέπλωον
740 2043 831 2103 ὀπίσω
855 2045 901 2103 ε’πὶ
923 2043 956 2103 τῦ
979 2121 980 2124 ¹

155 2131 343 2210 Ἀρτεμίσιον.

196 2221 283 2299 Τρίτῃ
297 2221 326 2280 δέ
339 2220 437 2300 ἡμέρῃ,
452 2218 541 2282 δεινόν
555 2246 583 2281 τι
599 2219 784 2298 ποιησάμενοι
798 2223 825 2280 οἱ
837 2245 956 2298 στρατη·
966 2221 1004 2280 15

156 2310 203 2391 γοὶ
212 2314 267 2370 τῶν
276 2311 433 2388 βαρβάρων
442 2310 505 2372 νέας
513 2309 583 2370 οῦτω
591 2313 648 2385 σφι
656 2308 754 2390 ὀλίγας
762 2309 955 2386 λυμαίνεσθαι,

158 2399 203 2457 καὶ
221 2397 253 2458 τῦ
270 2398 326 2458 άπὸ
347 2399 455 2477 Ξέρξεω
476 2397 667 2475 δειμαίνοντες,
682 2396 732 2458 οῦκ
752 2397 897 2474 ἀνέμειναν
917 2399 957 2457 ἐτι

156 2486 220 2549 τοῦς
228 2486 372 2563 Ἕλληνας
381 2487 475 2566 μα’χης
488 2485 577 2565 εἷρξαι,
589 2485 667 2546 ἀλλὰ
679 2485 956 2563 παρακελευσάμενοι

158 2573 228 2632 κατά
242 2575 332 2650 μέσον
347 2575 452 2652 ἡμέρης
467 2574 572 2656 ἅνῆγον
591 2573 642 2638 τάς
662 2574 733 2638 νέας·
754 2573 907 2634 συνέπιπτε
927 2573 957 2632 δὲ

158 2659 231 2719 ὥστε
243 2665 304 2725 ταῖς
317 2661 411 2726 αῦταῖς
423 2662 539 2740 ἡμέραις
551 2661 602 2725 τάς
614 2686 645 2722 τε
662 2663 816 2742 ναυμαχίας
829 2661 958 2743 γίνεσθαι

156 2746 258 2811 ταῦτας
285 2751 331 2809 καὶ
357 2750 407 2812 τὰς
433 2750 605 2830 πεζομαχίας
624 2750 675 2814 τοὶς
695 2755 724 2810 ἐν
744 2747 956 2827 Θερμοπύλῃσι·

157 2834 192 2910 ἣν
212 2835 242 2894 δέ
261 2841 317 2900 πᾶς
336 2836 352 2897 ὁ
373 2836 448 2918 οἷγιῦν
467 2843 543 2898 τοῖσι
564 2837 635 2898 κατά
656 2837 808 2898 θάλασσαν
827 2837 958 2913 περὶτοῦ

157 2922 291 2999 Εῦρίπου,
306 2923 401 3000 ὥσπερ
418 2928 494 2984 τοῖσι
513 2925 589 3001 ἀμφὶ
608 2924 746 2985 Λεωνίδεα
763 2923 815 2999 τὴν
828 2921 958 2998 ἐσβολήν

158 3009 329 3087 φυλάσσειν·
371 3015 398 3070 οἱ
423 3014 474 3088 μὲν
505 3012 539 3088 δή
568 3011 794 3090 παρεκελεύοντο,
824 3010 891 3073 ὅκως
917 3009 957 3084 μή

157 3098 320 3176 παρήσουσι
350 3104 377 3163 ἐς
404 3099 456 3175 τὴν
481 3099 607 3159 Ἑλλάδα
635 3099 700 3162 τοῦς
727 3097 903 3174 βαρβάρους·
932 3099 959 3156 οἱ

158 3186 190 3258 δ’,
211 3186 280 3254 ὅκως
304 3189 338 3250 τῦ
357 3187 526 3264 Ἑλληνικῦν
552 3186 713 3264 στράτευμα
739 3183 956 3261 διαφθείραντες,

158 3279 209 3334 τοῦ
221 3277 310 3354 πόρου
324 3275 509 3356 κρατήσουσι.
542 3274 592 3339 Ὡς
604 3275 634 3334 δὲ
646 3272 796 3350 ταξάμενοι
809 3276 836 3332 οἱ
849 3273 957 3350 Ξέρξεω
968 3272 1001 3331 16
