2294 3430
177 113 225 163 ιιι
489 113 670 164 Ἦνοαουοι
896 111 973 178 [vn.
1113 107 1136 181 η’

168 191 270 270 τρόπῳ
279 193 371 252 τοίνυν
384 191 416 251 ού
426 196 540 270 χρηστῷ
548 191 687 268 Ἕλληνες
697 193 975 272 διαχρεώμενοι,’ἐμέο

177 279 332 343 ἐλάσαντος
349 281 433 358 μέχρι
446 281 619 356 Μακεδονίης
631 279 755 361 γῆς,“οὖκ
769 280 859 356 ἦλθον
873 287 900 344 ἐς
912 281 975 340 τού·
1028 346 1031 351 ,

171 393 224 427 του
245 368 332 448 λόγον
352 367 425 426 ὥστε
444 366 595 446 μάχεσθαι,
610 369 658 426 σοὶ
674 369 703 426 δὲ
717 367 750 444 δη
764 369 865 445 μέλλει
884 393 934 437 τις,
954 367 975 427 ὦ

175 457 308 532 βασιλεῦ,
330 453 516 514 ἀντιώσεσθαι
537 453 662 532 πόλεμον
683 457 861 533 προσφέρων,
877 455 974 536 ἄγοντι

175 543 222 600 καὶ
237 543 346 618 πλῆθος
361 541 394 602 τδ
412 547 441 600 ἐκ
457 545 508 618 τῆς
522 541 622 619 Ἀσίης
639 543 685 602 καὶ
701 544 763 606 νέας
778 541 829 605 τάς
842 541 972 612 ἁπάσας;

176 630 212 692 ώς
228 633 279 707 μὲν
298 630 351 711 ἐγώ
370 630 462 700 δοκέω,
477 629 527 689 οὔκ
548 635 575 693 ἐς
592 633 676 690 τοῦτο
698 631 816 708 θράσεος
830 629 924 706 ἀνήκει
937 631 973 690 τοὶ

174 717 318 794 Ἑλλήνων
338 717 498 800 πρήγματα.
541 723 564 777 εἰ
584 719 614 778 δέ
635 717 688 795 ἀρα
706 717 760 799 ἐγώ
774 745 808 798 γε
822 719 973 796 ψευσθείην

173 805 278 886 γνώμη,
294 807 339 866 καὶ
353 811 451 866 ἐκεῖνοι
466 807 629 884 ἐπαρθέντες
643 807 766 885 ἀβουλίῃ
780 807 888 866 ἔλθοιεν
905 805 972 882 ἡμῖν

173 899 201 957 ἐς
213 894 314 974 μάχην,
329 893 445 972 μάθοιεν
458 891 492 954 ἂν
507 893 541 958 ὥς
555 899 630 971 εἰμεν
644 894 794 972 ἀνθρώπων
808 892 918 970 ἄριστοι
936 895 972 954 τοὶ

172 984 323 1060 πολεμήϊα.
365 983 436 1042 ἔστω
450 982 473 1042 δ’
487 981 524 1043 ὧν
535 983 622 1060 μηδὲν
635 981 793 1059 ἀπείρητον·
814 980 972 1058 αὐτόματον

171 1069 227 1150 γὰρ
240 1069 326 1141 οὐδὲν,
337 1070 403 1130 ἀλλ’
413 1071 469 1131 ἀπό
483 1072 579 1147 πείρης
591 1069 682 1130 πάντα
696 1063 868 1146 ἀνθρώποισι
878 1071 972 1145 φιλέει

170 1157 323 1238 γίνεσθαι.”
364 1158 523 1236 Μαρδόνιος
540 1161 592 1236 μὲν
609 1162 734 1219 τοσαῦτα
755 1155 902 1235 ἐπιλεήνας
918 1157 971 1234 την

171 1247 278 1324 ’Ξέρξεω
291 1246 411 1327 γνώμην,
426 1247 574 1306 ἐπέπαυτο.
610 1253 615 1265 '

124 1335 161 1392 10
212 1334 379 1398 Σιωπώντων
400 1333 430 1392 δὲ
447 1337 502 1394 τῶν
521 1333 616 1394 ἀλλων
632 1335 766 1412 Περσέων
786 1333 832 1392 καὶ
853 1332 886 1392 ού
905 1337 970 1396 τολ-

169 1418 405 1501 μώντωνγνώμην
417 1420 632 1482 ἀποδείκνυσθαι
642 1421 737 1498 ἀντίην
749 1422 968 1502 τῇπροκειμένῃ,

170 1505 346 1583 Ἀρτάβανος
367 1507 383 1566 ὁ
403 1507 580 1571 Ὑστάσπεος
600 1509 710 1586 πάτρως
734 1509 785 1570 ἐών
805 1510 905 1588 Ξέρξη,
931 1517 970 1589 τῷ

169 1593 203 1669 δη
226 1594 272 1652 καὶ
290 1595 407 1658 πίσυνος
425 1595 484 1665 ἐών,
508 1597 586 1678 ἐλεγε
607 1596 682 1657 τάδε·
705 1597 751 1656 “ώ
771 1599 906 1674 βασιλεῦ,
926 1598 968 1675 μή

169 1681 338 1760 λεχθεισέων
350 1685 402 1758 μὲν
414 1683 543 1762 γνωμέων
554 1683 666 1744 ἀντιέων
676 1684 832 1764 ἀλλήλῃσι,
843 1684 894 1744 οὐκ
907 1686 969 1745 ἐστι

168 1768 219 1844 τήν
232 1767 334 1844 α’μείνω
345 1769 505 1847 αἱρεόμενον
516 1771 632 1832 ἑλέσθαι
645 1771 723 1832 ἀλλά
737 1773 780 1832 δεῖ
790 1777 826 1851 τῇ
839 1774 968 1852 εἰρημένῃ

168 1857 302 1933 χρῆσθαι·
327 1859 496 1937 λεχθεισέων
517 1859 554 1930 δέ,
578 1861 648 1920 ἐστι·
674 1859 768 1938 ὥσπερ
790 1860 839 1920 τόν
860 1861 968 1939 χρυσόν

167 1943 217 2004 τόν
232 1944 371 2023 ἀκήρατον
389 1945 472 2007 αύτδν
488 1951 539 2024 μὲν
560 1948 602 2008 ἐπ’
616 1953 715 2008 ἑωυτοῦ
734 1948 767 2008 ου’
789 1948 967 2030 διαγινώσκο·

166 2058 226 2109 μεν,
242 2034 326 2094 ἐπεάν
344 2036 374 2094 δέ
393 2037 609 2115 παρατρίψωμεν
627 2037 707 2116 ἄλλῳ
728 2040 824 2116 χρυσῴ
845 2035 967 2117 διαγινώ-

167 2146 273 2198 σκομεν
289 2123 339 2182 τόν
358 2122 469 2199 ἀμείνω.
511 2123 564 2205 ἐγώ
578 2125 607 2183 δὲ
622 2125 668 2182 καὶ
681 2124 767 2200 πατρὶ
780 2127 818 2202 τῷ
832 2127 874 2202 σῷ
886 2124 967 2183 ἀδελ-

168 2213 227 2286 φεῷ
242 2211 271 2267 δέ
285 2214 349 2287 ἐμῷ,
365 2213 480 2289 Δαρείῳ,
494 2210 629 2291 ἠγόρευον
643 2211 683 2286 μή
698 2209 902 2286 στρατεύεσθαι
921 2212 967 2270 ἐπὶ

168 2295 283 2364 Σκύθας,
303 2295 403 2373 ἀνδρας
425 2297 559 2373 οὐδαμόθι
577 2301 629 2378 γῆς
647 2297 719 2356 ἅστυ
738 2297 879 2372 νέμοντας·
900 2297 916 2356 ό
937 2298 967 2356 δέ

166 2383 284 2453 ἐλπίζων
298 2384 406 2448 Σκύθας
418 2385 482 2447 τούς
498 2385 619 2462 νομάδας
636 2384 889 2461 καταστρέψεσθαι,
904 2386 969 2461 ἐμοί

165 2495 196 2529 τε
217 2470 266 2529 οὐκ
287 2473 410 2532 ἐπείθετο
427 2470 669 2549 στρατευσάμενός
681 2497 712 2532 τε
725 2469 852 2534 πολλούς
866 2497 898 2530 τε
919 2474 965 2532 καὶ

166 2556 287 2637 ἀγαθούς
306 2562 356 2634 τῆς
376 2564 510 2636 στρατιῆς
528 2558 683 2636 ἀποβαλών
697 2558 818 2635 ἀπῆλθε·
840 2557 877 2618 σδ
891 2559 929 2630 δέ,
944 2559 966 2619 ὦ

165 2647 298 2721 βασιλεῦ,
319 2647 433 2724 μέλλεις
451 2646 493 2706 ἐπ’
514 2646 614 2725 ἄνδρας
633 2645 836 2724 στρατεύεσθαι
854 2646 966 2708 πολλδν

166 2732 346 2812 ἀμείνοναςῆ
368 2733 485 2799 Σκύθας·
507 2736 533 2796 οἳ
554 2734 624 2795 κατοὶ
645 2733 797 2796 θάλασσάν
809 2761 840 2794 τε
854 2733 966 2813 ἄριστοι

167 2821 212 2880 καὶ
226 2822 296 2882 κατοὶ
308 2828 362 2905 γῆν
375 2823 506 2905 λέγονται
524 2823 602 2884 εἶναι.
643 2822 676 2885 τό
696 2823 725 2883 δὲ
746 2823 857 2883 αύτοῖσι
874 2825 966 2884 ἔνεστι

167 2909 263 2982 δεινόν,
278 2913 328 2989 ἐμέ
340 2938 388 2972 σοι
401 2911 506 2974 δίκαιόν
520 2917 582 2974 ἐστι
595 2912 720 2991 φράζειν·
735 2911 831 2984 ζεύξας
845 2911 902 2992 φῂς
914 2910 965 2972 τόν

166 2998 382 3076 Ἑλλήσποντον
395 3006 462 3063 ἐλᾶν
476 3003 598 3081 στρατόν
612 3002 657 3062 διοὶ
669 3006 719 3078 τῆς
728 3000 863 3079 Εὐρώπης
875 3005 901 3062 ἐς
914 2997 966 3074 την

165 3086 301 3148 Ἑλλάδα·
323 3092 369 3150 καὶ
382 3091 415 3167 δὴ
430 3092 475 3150 καὶ
491 3091 634 3167 συνήνεικε
654 3089 717 3167 ἤτοι
737 3088 806 3149 κατὰ
819 3085 904 3169 γῆνῆ
919 3083 965 3143 καὶ

167 3176 238 3236 κατοῖ
260 3173 411 3240 θάλασσοίν
432 3181 599 3256 ἑσσωθῆναι,
621 3177 639 3257 ἢ
662 3179 708 3238 καὶ
729 3175 788 3237 κατ’
807 3173 963 3253 ἀμφότερα·

166 3265 193 3320 ῡῖ
213 3265 268 3343 γὰρ
290 3266 385 3344 ἄνδρες
406 3269 537 3349 λέγονται
559 3269 629 3330 εἶναι
649 3267 774 3343 ἄλκιμοι·
794 3261 914 3340 πάρεστι
934 3257 964 3316 δὲ
996 3309 999 3315 -
