2280 3432
168 97 208 156 ιο,
221 93 263 158 27]
475 89 662 141 κιιιιοιιιι.
917 91 964 138 293

167 171 290 230 κατιέναι
302 167 486 246 Ἡρακλείδας
504 168 549 227 ε’πὶ
562 167 599 227 τοὶ
613 166 747 243 πατρώϊα·
767 165 802 242 ήν
815 167 845 226 δὲ
857 169 964 245 νικηθῇ,

167 259 204 319 τὰ
222 259 342 336 ἔμπαλιν
358 255 542 334 Ἡρακλείδας
559 254 809 324 ἀπαλλάσσεσθαι,
830 255 879 314 καὶ
895 254 965 314 άπά-

169 372 228 430 γειν
254 346 305 423 τήν
331 346 474 424 στρατιήν·
507 344 603 406 ἑκατόν
624 369 655 404 τε
682 344 762 404 ε’τέων
782 341 822 419 μή
847 344 966 418 ζητήσαι

170 435 286 496 κάτοδον
313 439 340 500 ἔς
367 434 598 509 Πελοπόννησον.
640 431 790 509 προεκρίθη
817 456 848 490 τε
875 430 908 506 δὴ
936 434 967 490 έκ

169 522 278 582 πάντων
294 522 450 601 συμμάχων
467 519 615 597 ἐθελοντής
633 519 757 598 Ἔχεμος
779 518 795 580 ὁ
816 518 966 596 Ἠερόπου,

169 615 218 670 τοῦ
238 612 352 691 Φηγέος,
372 601 529 691 στρατηγός
546 635 577 668 τε
595 607 646 668 ε’ὠν
660 607 705 666 καὶ
718 607 858 685 βασιλεύς
870 607 966 684 ἡμέτε-

169 723 226 774 ρος·
247 699 292 756 καὶ
310 697 525 776 ἐμουνομάχησέ
539 721 571 757 τε
587 697 633 755 καὶ
647 695 788 756 ἀπέκτεινε
796 695 915 755 Ὕλλον·
937 699 968 754 έκ

169 783 268 844 τούτου
278 788 327 844 τοῦ
338 785 419 866 ἔργον
430 785 567 862 εύρόμεθα
578 790 606 844 έν
618 788 695 844 τοῖσι
709 783 968 858 Πελοποννησίοισι

168 874 246 932 τοῖσι
262 871 326 932 τότε
343 873 389 932 καὶ
404 871 481 932 ἄλλα
497 873 579 954 γέρεα
599 871 719 952 μεγάλα,
735 871 771 930 τά
791 870 968 952 διατελέομεν

170 959 286 1038 ἔχοντες,
304 960 415 1020 καὶτοῦ
433 961 526 1038 κέρεος
542 964 592 1020 τοῦ
611 959 705 1036 ε’τέρου
723 959 776 1018 αἰεὶ
791 957 968 1039 ἡγεμονεύειν

170 1051 262 1123 κοινῆς
276 1048 371 1118 ε’ξόδου
390 1048 545 1130 γινομένης·
559 1046 637 1124 Ιύμῖν
654 1047 705 1124 μέν
720 1072 776 1116 νυν,
796 1045 817 1104 ὦ
834 1045 967 1104 Λακεδαι-

169 1133 269 1214 μόνιοι,
282 1136 330 1194 ούκ
345 1135 518 1214 οἶντιεύμεθα·
532 1134 609 1194 ἆλλοὶ
623 1134 742 1198 διδόντες
754 1134 863 1212 αἶρεσιν
876 1132 968 1193 ὁκοτέ-

170 1247 221 1298 ρου
233 1222 378 1297 βούλεσθε
393 1225 485 1300 κέρεος
499 1223 603 1303 ἄρχειν,
617 1225 759 1303 παρίεμεν·
775 1217 825 1283 τοῦ
835 1222 864 1282 δὲ
875 1222 967 1298 ἑτέρου

171 1311 265 1385 φαμὲν
280 1310 368 1388 ἡμέας
386 1312 526 1372 ἱκνέεσθαι
541 1310 726 1393 ἡγεμονεύειν,
744 1309 866 1386 κατάπερ
885 1314 914 1368 ἐν
930 1312 969 1387 τῷ

170 1396 279 1474 πρόσθε
301 1398 402 1477 χρόνῳ.
442 1401 526 1478 χωρίς
545 1426 577 1460 τε
596 1397 695 1460 τούτου
717 1402 767 1459 τοῦ
788 1396 968 1477 ἀπηγημένου

164 1485 259 1565 ῖέργου,
289 1483 488 1562 ἀξιονικότεροί
510 1491 584 1564 εἰμεν
609 1487 763 1564 Ἀθηναίων
788 1484 891 1560 ταύτην
915 1483 968 1561 τὴν

169 1572 248 1642 τάξιν
265 1573 347 1652 ἔχειν·
373 1576 479 1635 πολλοὶ
494 1577 545 1650 μὲν
560 1574 616 1656 γάρ
628 1599 659 1634 τε
673 1575 719 1632 καὶ
735 1572 764 1633 εὖ
778 1574 886 1652 ἔχοντες
898 1571 968 1649 πρός
993 1599 1000 1614 ·

169 1659 255 1738 ύμέας
267 1661 343 1740 ἡμῖν,
364 1662 459 1741 ἄνδρες
477 1665 659 1742 Σπαρτιῆται,
674 1661 777 1744 ἀγῶνες
794 1660 967 1741 α’γωνίδαται,

169 1749 275 1806 πολλοὶ
292 1749 322 1807 δὲ
342 1751 387 1808 καὶ
406 1752 476 1828 πρός
494 1751 609 1815 ἄλλους·
630 1750 700 1810 οὕτω
714 1749 751 1810 ὧν
763 1749 850 1826 ἡμέας
864 1748 969 1808 δίκαιον

169 1835 242 1914 έχειν
254 1834 287 1895 τύ
302 1836 395 1914 ἕτερον
410 1839 499 1915 κέρας,
514 1837 586 1916 ἤπερ
600 1838 773 1915 Ἀθηναίους·
795 1835 827 1896 ού
843 1834 898 1917 γάρ
911 1835 969 1910 σφί

169 1927 230 1982 ε’στι
245 1923 313 2003 ἔργα
326 1923 437 2002 οἷάπερ
451 1925 519 2002 ἡμῖν
533 1926 751 2008 κατεργασμένα,
766 1923 822 1985 οὔτ’
835 1923 873 1982 ὧν
885 1922 967 1982 καινά

169 2008 375 2068 ούτεπαλαιά.”

210 2099 248 2156 Οἱ
266 2098 319 2172 μὲν
337 2100 426 2157 ταῦτα
447 2098 553 2179 ἔλεγον·
580 2098 723 2175 Ἀθηναῖοι
744 2098 774 2158 δὲ
794 2095 865 2175 πρδς
879 2101 967 2157 ταῦτα
977 2098 1015 2157 27

167 2183 349 2262 ύπεκρίναντο
367 2185 442 2245 τάδε·
463 2196 481 2222 “
490 2185 664 2262 ἐπιστάμεθα
679 2189 731 2265 μὲν
748 2185 867 2246 σύνοδον
886 2183 968 2260 τήνδε

166 2271 261 2352 μάχης
278 2273 367 2334 εἵνεκα
385 2277 560 2355 ’συλλεγῆναι
575 2274 644 2352 πρός
659 2273 710 2334 τδν
727 2273 885 2352 βάρβαρον,
901 2271 969 2332 ἀλλ’

168 2359 200 2419 ού
219 2361 321 2442 λόγων.
363 2360 422 2420 ε’πεὶ
443 2360 472 2420 δὲ
493 2359 509 2421 ό
537 2359 674 2442 Τεγεήτης
699 2363 837 2440 προέθηκε
860 2361 970 2422 παλαιά

168 2448 214 2506 καὶ
234 2449 315 2510 καινά
333 2449 427 2531 λέγειν
446 2449 482 2510 τοὶ
502 2449 658 2526 ἑκατέροισι
677 2453 762 2529 ε’ντῷ
777 2449 861 2510 παντὶ
877 2448 969 2529 χρόνῳ

163 2535 356 2616 ,κατέργασται
370 2537 491 2616 χρηστοὶ,
509 2536 663 2618 άναγκαίως
680 2536 747 2613 ἡμῖν
768 2537 825 2616 ἔχει
843 2537 969 2612 δηλῶσαι

167 2622 238 2697 πρός
257 2622 350 2698 ύμέας,
370 2623 435 2687 ὅθεν
455 2625 523 2702 ἡμῖν
542 2623 681 2702 πατρώϊόν
710 2629 780 2694 ε’στι,
800 2628 878 2683 εὀῦσι
901 2650 969 2702 χρη-

168 2713 264 2768 στοῖσι
275 2712 336 2783 αἰεὶ,
349 2712 569 2789 πράτοισιεῖναι
581 2717 695 2790 μᾶλλον
708 2711 864 2789 ήἈρκάσι·
882 2711 968 2788 Ἠρα-

168 2795 279 2858 κλείδας
295 2799 351 2858 τῶν
366 2796 442 2859 οὗτοι
460 2801 536 2876 φασὶ
550 2800 711 2860 ἀποκτεῖναι
730 2798 780 2859 τόν
796 2797 921 2879 ἡγεμόνα
939 2803 968 2858 έν

166 2880 280 2963 Ἰσθμῷ,
295 2887 379 2944 τοῦτο
392 2889 447 2963 Ιμὲν
464 2887 579 2951 τούτους
591 2887 727 2965 πρότερον
741 2886 968 2961 ἐξελαυνομένους

167 2969 222 3030 ύπδ
232 2970 342 3032 πάντων
351 2977 406 3034 τῶν
416 2973 560 3049 Ἑλλήνων
573 2980 601 3039 ές
613 2975 677 3038 τούς
690 2973 836 3034 ἀπικοίατο
851 2971 968 3051 φεύγον-

165 3084 211 3122 τες
231 3058 404 3138 δουλοσύνην
423 3061 493 3139 πρός
517 3063 694 3139 Μυκηναίων,
713 3057 812 3138 μούνοι
835 3058 967 3128 ύποδεξά-

168 3173 253 3226 μενοι,
267 3149 320 3226 τήν
332 3149 494 3228 Είρυσθέος
503 3149 588 3260 ὕβριν
598 3152 771 3226 κατείλομεν,
785 3146 839 3208 σύν
852 3149 968 3207 κείνοισι

164 3237 426 3371 ιηὴχῃῖγικήσαντες
441 3264 506 3302 τους
520 3239 585 3300 τότε
602 3240 716 3360 ἔχοντας
735 3235 968 3312 Πελοπόννησον
