2294 3430
189 91 298 157 υτ-ιο]
510 92 696 140 nomm.
947 90 993 140 ιτα

191 177 280 232 λυσον
300 175 352 248 τῆς
372 171 524 249 στρατηίης
544 170 593 236 τόν
614 169 821 247 πρεσβύτατον,
845 169 889 230 ἵνα
910 167 995 229 αὐτοῦ

190 286 221 320 τε
243 265 306 336 ἐμεῦ
329 260 374 317 καὶ
396 263 449 318 τῶν
471 257 621 338 χρημάτων
642 256 661 336 ᾖ
683 257 849 334 μελεδωνός·
877 256 941 320 τούς
965 258 995 316 δὲ

191 349 326 425 τέσσερας
346 347 412 429 ἄγευ
435 347 492 423 ἅμα
514 352 633 425 σεωυτῷ·
657 348 701 405 καὶ
724 346 831 422 πρήξας
852 346 888 406 τό
910 347 1028 410 νοέειςί

191 437 357 513 νοστήσειας
378 435 494 495 ὀπίσω.”
537 435 637 513 Κόρτα
653 462 683 495 τε
703 433 831 511 ἐθυμώθη
846 434 861 493 ό
878 435 990 511 Ξέρξης,
1001 443 1038 499 39
1107 504 1112 514 Ι

192 527 236 584 καὶ
249 525 383 602 α’μείβετο
400 525 505 586 τοῖσδε·
528 523 575 582 “ὧ
590 527 656 582 κακὲ
670 522 804 601 ἄνθρωπε,
820 522 857 581 σι)
876 523 993 599 ἐτόλμη·

190 639 250 684 σας,
266 618 331 690 ἐμεῦ
346 615 568 690 στρατευομένου
583 612 667 672 αὐτοῦ
683 612 729 670 ἐπὶ
744 611 795 686 τήν
806 610 933 669 Ἑλλάδα
947 611 993 670 καὶ

189 700 306 782 ἄγοντος
320 702 419 764 παῖδας
434 700 516 775 ἐμούς
527 701 573 759 καὶ
587 699 740 774 ἀδελφεούς
754 699 799 756 καὶ
815 699 932 773 οἰκηίους
946 699 992 758 καὶ
1008 714 1014 730 ’
1032 715 1038 722 ’

189 789 300 864 φίλους,
315 787 480 864 μνήσασθαι
501 789 564 863 περὶ
581 788 632 845 σέο
645 785 752 848 παιδός·
776 785 827 844 ἐόν
849 785 914 862 ἐμός
931 787 992 846 δοῦ·
1011 794 1014 803 ’

189 879 247 946 λος,
264 876 314 936 τόν
335 881 407 954 χρῆν
429 876 557 952 πανοικίῃ
583 872 652 950 αὐτῇ
673 873 782 953 γυναικὶ
802 874 989 943 συνέπεσθαι;
1021 892 1026 906 ‘

191 962 219 1022 εὖ
234 967 282 1022 νῦν
295 963 351 1022 τόδ’
365 962 544 1032 ἐξεπίστασο,
559 961 594 1024 ὥς
608 967 636 1020 ἐν
648 965 725 1020 τοῖσι
740 960 792 1019 ὠσὶ
813 965 867 1019 τῶν
889 959 991 1038 α’νθροί-

189 1077 248 1110 πων
262 1051 344 1109 οἰκέει
358 1050 374 1110 ό
389 1049 484 1127 θυμός·
506 1048 537 1113 ὃς
549 1049 662 1128 χρηστοὶ
679 1051 731 1125 μὲν
745 1047 867 1110 οἰκούσας
880 1049 992 1126 τέρψιος

191 1139 337 1215 ἐμπιπλέει
353 1138 385 1198 τό
407 1142 498 1215 σῶμα,
513 1137 662 1198 ὑπεναντία
683 1137 712 1195 δὲ
728 1136 854 1196 τούτοισι
869 1135 991 1201 οἶκούσας

190 1225 314 1286 ἀνοιδέει·
336 1226 384 1288 ὅτε
399 1227 452 1304 μέν
473 1253 521 1286 νυν
540 1227 653 1305 χρηστα
667 1225 788 1301 ποιήσας
805 1225 885 1302 ἕτερα
900 1231 991 1284 τοιαῦ-

188 1341 223 1373 τα
245 1318 428 1397 ἐπηγγέλλεο,
445 1315 621 1396 εὐεργεσίῃσι
633 1315 761 1392 βασιλέα
783 1312 815 1372 ού
837 1313 991 1392 καυχήσεαι

188 1402 412 1480 ύπερβαλέσθαι·
434 1403 496 1462 ἐπεί
506 1429 537 1462 τε
551 1404 581 1462 δὲ
598 1409 624 1466 ἐς
640 1403 673 1463 τό
696 1402 891 1479 ἀναιδέστερον
913 1403 990 1480 ἐτρό-

188 1517 247 1562 πευ,
257 1492 309 1568 τήν
322 1494 373 1569 μὲν
384 1491 463 1568 όξίην
477 1491 509 1552 ού
522 1492 655 1571 λάμψεαι,
669 1491 784 1552 ἐλάσσω
799 1491 828 1550 δὲ
841 1495 890 1566 τῆς
903 1490 989 1567 α’ξίης·

188 1583 222 1638 σὲ
234 1583 286 1657 μὲν
299 1581 354 1662 γὰρ
368 1580 414 1639 καὶ
426 1580 491 1644 τούς
503 1581 641 1657 τέσσερας
654 1585 708 1640 τῶν
721 1581 826 1640 παιδων
839 1579 934 1656 ῥύεται
946 1581 989 1640 ’τό

188 1668 281 1736 ξείνια·
303 1673 353 1730 τοῦ
366 1669 396 1729 δὲ
410 1668 476 1740 ἑνός,
491 1673 540 1728 τοῦ
554 1671 694 1750 περιέχεαι
708 1670 844 1746 μόλιστα,
859 1674 894 1746 τῇ
911 1673 989 1748 ψυχῇ

188 1756 365 1833 ζημιωσεαι.”
408 1757 443 1820 οἷς
463 1757 597 1818 δὲταῦτα
617 1757 791 1835 ύπεκρίνατο,
814 1756 910 1816 αύτίκα
933 1759 988 1815 ἐκέ-

187 1847 251 1903 λευε
269 1850 346 1905 τοῖσι
364 1846 570 1922 προσετέτακτο
587 1851 675 1906 ταῦτα
696 1845 844 1920 πρήσσειν,
863 1849 917 1903 τῶν
931 1850 988 1902 Πυ-

189 1932 249 1991 θίου
263 1934 368 1992 παίδων
382 1932 541 2007 ἐξευρόντας
556 1931 606 1992 τόν
619 1931 817 2009 πρεσβύτατον
829 1932 918 2007 μέσον
932 1932 988 1989 δια-

187 2023 294 2130 ταμεῖν·
317 2017 501 2094 διαταμόντας
513 2019 590 2077 δὲ
555 2045 590 2077 τα
604 2019 729 2096 ἡμίτομα
743 2016 924 2086 διαθεῖναι,
892 2045 925 2077 το
937 2021 989 2126 μὲν

189 2109 234 2164 ἐπι
224 2105 388 2174 δεξια
353 2132 403 2182 της
423 2105 537 2166 όδοΰ
505 2131 537 2166 το
560 2105 651 2166 δὲΗ
610 2133 644 2166 επ
671 2105 813 2211 όριστεραί·
836 2105 882 2164 καὶ
902 2105 988 2185 ταύτῃ

151 2236 157 2246 .
189 2193 367 2262 διεξιέναι
334 2220 384 2255 τον
405 2192 536 2272 στρατόν.

228 2283 414 2359 Ποιησάντων
428 2284 457 2342 δὲ
469 2281 574 2343 τούτων
585 2284 677 2352 τοῦτο,
690 2282 763 2360 μετοὶ
779 2285 866 2342 ταῦτα
887 2282 986 2360 διεξήῖε
997 2287 1036 2346 40

187 2368 204 2428 ό
225 2372 355 2449 στρατός·
378 2372 496 2454 ἡγέοντο
518 2371 548 2430 δὲ
569 2374 675 2448 τρόποι
696 2372 748 2447 μὲν
769 2373 796 2430 οἱ
818 2373 987 2449 σκευοφόροι

186 2483 217 2518 τε
230 2461 276 2518 καὶ
289 2460 325 2520 τό
338 2459 483 2541 ύποζύγια·
504 2458 575 2536 μετα
597 2459 626 2518 δὲ
646 2459 760 2522 τούτους
781 2459 901 2536 στρατός
919 2487 987 2521 παν-

186 2549 267 2608 τοίων
280 2550 378 2610 ἐθνέων
392 2547 501 2626 ἇναμὶξ,
516 2545 548 2608 ού
562 2548 771 2625 διακεκριμένοι·
792 2551 828 2624 τῇ
842 2547 872 2607 δὲ
889 2547 987 2626 ύπερη-

185 2635 281 2709 ,ιίσεες
298 2637 381 2712 ἦσαν,
397 2638 515 2696 ἐνθαῦτα
535 2635 719 2696 διελέλειπτο·
742 2636 787 2693 καὶ
804 2635 835 2694 ού
853 2638 983 2712 συνέμισ-

187 2745 238 2802 γον
264 2723 339 2783 οὗτοι
362 2725 490 2802 βασιλέϊ.
531 2727 704 2805 προηγεῦντο
731 2727 782 2801 μὲν
809 2724 843 2801 δή
872 2725 987 2784 ἱππόται

185 2810 275 2888 χίλιοι
292 2815 321 2870 ἐκ
340 2814 473 2890 Περσέων
485 2811 596 2874 πόντων
609 2810 840 2893 ἀπολελεγμένοι·
862 2812 933 2889 μετοῖ
947 2812 984 2885 δὲ,

187 2898 359 2977 αἰχμοφόροι
374 2900 471 2980 χίλιοι,
486 2900 532 2960 καὶ
552 2899 629 2961 οὗτοι
650 2904 679 2960 ἐκ
700 2900 811 2961 πόντων
832 2899 985 2978 ἀπολελεγ-

185 2985 272 3061 μένοι,
287 2986 336 3050 τιὶς
348 2987 457 3068 λόγχας
471 2987 543 3050 κάτω
557 2993 585 3052 ἐς
596 2987 649 3064 τήν
662 2993 716 3069 γῆν
733 2989 893 3065 τρέψαντες·
915 2985 987 3060 μετὰ

185 3073 282 3152 δέ,ιρο
284 3075 425 3136 ὶΝισαῖοι
438 3077 635 3154 καλεύμενοι
623 3102 704 3136 ιπποι
723 3076 796 3143 δέκα,
813 3073 985 3148 κεκοσμημέ

185 3189 228 3224 νοι
245 3191 280 3229 ως
296 3159 448 3225 κολλιστα.
459 3169 608 3240 Νισαῖοι
625 3165 655 3224 δὲ
671 3161 852 3223 καλεονται
840 3185 921 3219 ιπποι
941 3160 987 3218 ἐπι

185 3229 317 3312 τοῦδε·”
302 3279 362 3314 εστι
384 3253 538 3318 πεδίον’
501 3280 573 3332 μεγα
596 3257 647 3328 τῆς
669 3250 798 3324 Μηδικῆς
821 3251 859 3328 τῷ
881 3246 985 3322 ούνομιί
