2294 3430
176 145 314 210 113-119]
517 143 703 194 αοιτιικιι.
926 141 973 190 ιιι

176 225 222 282 καὶ
235 227 290 283 τῶν
302 227 366 300 περὶ
379 223 411 282 τό
425 221 574 303 Πάγγαιον
587 221 651 300 όρος
664 222 808 281 οἰκεόντων
818 220 918 297 ὁμοίως
928 220 974 279 καὶ

176 316 231 371 τῶν
253 311 388 388 πρότερον
409 310 551 384 κατέλεξα,
573 309 637 374 τοδς
656 311 708 387 μὲν
727 307 804 386 παρά
824 307 974 368 θάλασσαν

178 401 246 478 ἔχων
268 399 428 475 οἰκημένους
449 404 478 458 ἐν
499 399 582 475 νηυσὶ
606 398 848 476 στρατευομένους,
867 395 933 458 τοδς
951 395 974 456 δ’

176 485 245 564 θπὲρ
260 486 410 562 θαλάσσης
424 487 493 565 πεζῇ
506 487 664 562 ἑπομένους·
680 486 733 562 τήν
746 485 776 544 δὲ
788 484 853 544 ὁδόν
864 483 973 560 ταύτην,

176 578 212 652 τῇ
229 573 370 651 βασιλεῦς
386 573 492 650 Ξέρξης
508 573 558 634 τόν
577 573 699 652 στρατόν
714 573 814 650 ἤλασε,
829 569 893 632 οὔτε
909 597 974 654 συγ·

177 663 276 739 χέουσι
289 661 407 738 Θρήϊκες
420 660 476 720 οὔτ’
488 663 690 738 ἐπισπείρουσι,
703 661 842 737 σέβονταί
852 685 884 720 τε
892 659 975 742 μεγά-

177 753 233 812 λως
251 748 284 808 τό
305 749 389 827 μέχρι
408 753 481 824 ἐμεῦ.
522 748 571 810 Ὡς
588 748 619 808 δὲ
633 747 687 825 θρα
708 753 735 810 ἐς
752 747 803 824 τὴν
817 746 1024 808 ἈκανθονῙΙθ

179 834 301 908 α’πίκετο,
318 836 418 910 ξεινίην
431 860 461 893 τε
475 833 491 894 ό
506 835 622 912 Πέρσης
634 840 711 894 τοῖσι
722 835 896 895 Ἀκανθίοισι
909 861 975 911 προ·

180 919 240 975 εἳπε
258 917 304 974 καὶ
322 914 482 990 ἐδωρήσατό
500 921 592 990 σφεας
613 916 711 990 ἐσθῆτι
731 916 853 992 Μηδικῇ,
871 915 977 974 ἐπαίνεέ

179 1029 210 1062 τε
226 1003 311 1080 ὁρέων
327 1001 427 1064 αὐτοῦς
444 1001 605 1078 προθύμους
623 1001 718 1065 ἐόντας
739 1007 766 1064 ἐς
785 1000 835 1060 τόν
851 1001 976 1078 πόλεμον

181 1091 227 1148 καὶ
240 1090 273 1150 τό
288 1089 397 1171 ὄρυγμα
411 1089 524 1150 άκούων.

220 1176 272 1240 Ἐν,
289 1177 414 1256 Ἀκάνθῳ
435 1177 464 1236 δὲ
488 1176 581 1240 ἐόντος
602 1176 719 1254 Ξέρξεω,
741 1174 884 1252 συνήνεικε
904 1175 1025 1238 ὗπό117

181 1265 284 1326 νούσου
297 1265 447 1326 ἀποθανεῖν
465 1264 515 1325 τόν
532 1269 689 1324 ἐπεστεῶτα
705 1268 756 1340 τῆς
772 1263 904 1343 διώρυχος
916 1263 979 1341 Ἀρ·

180 1356 307 1434 ταχαίην,
322 1354 435 1431 δόκιμον
449 1353 529 1414 ἐόντα
543 1353 619 1431 παραὶ
633 1353 724 1433 Ξέρξη
736 1349 781 1412 καὶ
793 1355 873 1433 γένος
885 1352 979 1432 Ἀχαι·

180 1443 299 1518 μενίδην,
313 1441 430 1523 μεγάθεΐ
446 1469 477 1502 τε
494 1443 631 1523 μέγιστον
650 1441 730 1501 ἐόντα
748 1440 979 1518 Περσέων-ἀπό

181 1530 236 1611 γάρ
262 1532 344 1591 πέντε
369 1531 480 1610 πηχέων
509 1531 670 1606 βασιληίων
697 1528 818 1591 ἀπέλιπε
844 1529 982 1607 τέσσερας

133 1643 138 1655 ·
182 1617 515 1693 δακτύλους-φωνέοντά
531 1645 562 1678 τε
580 1619 716 1699 μέγιστον
729 1617 887 1694 άνθριόπων·
909 1617 981 1678 ὥστε

182 1706 293 1782 Ξέρξεα,
311 1706 463 1784 συμφορὴν
483 1705 674 1783 ποιησάμενον
694 1705 830 1787 μεγάλην,
849 1704 981 1776 ἐξενεῖκαί

181 1818 212 1852 τε
228 1793 311 1853 αὐτόν
324 1794 467 1854 κάλλιστα
481 1795 527 1853 καὶ
544 1794 641 1872 θάψαι·
663 1793 836 1871 ἐτυμβοχόεε
854 1793 884 1852 δὲ
899 1797 981 1852 πᾶσα

181 1879 201 1956 ἦ
214 1882 342 1958 στρατιή·
363 1883 451 1959 τούτῳ
464 1882 493 1939 δέ
509 1885 547 1960 τῷ
559 1881 714 1958 Ἀρταχαίῃ
729 1879 827 1939 θύουσι
839 1879 982 1940 Ἀκάνθιοι

183 1973 213 2028 ἐκ
235 1969 403 2052 θεοπροπίου
424 1969 460 2030 οἷς
479 1967 555 2043 ἥρωϊ,
578 1967 795 2043 ἐπονομάζοντες
814 1966 847 2026 τό
868 1964 979 2043 οὕνομα.

183 2054 321 2126 βασιλεῦς
340 2057 394 2131 μὲν
414 2055 447 2130 δή
469 2054 583 2130 Ξέρξης,
604 2053 782 2130 ἀπολομένου
800 2053 980 2137 Ἀρταχαίεω,

185 2142 307 2200 ἐποιέετο
320 2141 482 2222 συμφορήν.

226 2231 263 2288 Οἱ
276 2229 305 2288 δὲ
317 2228 516 2306 ὑποδεκόμενοι
528 2228 674 2305 Ἑλλήνων
690 2227 743 2304 τήν
758 2227 894 2306 στρατιήν
915 2229 961 2288 καὶ
972 2230 1030 2291 118

184 2318 366 2390 δειπνίζοντες
387 2319 493 2396 Ξέρξεα
515 2323 542 2381 ἐς
563 2322 620 2377 πᾶν
642 2319 727 2375 κακοῦ
749 2315 890 2391 άπικέατο,
912 2317 981 2378 οὕτω
1026 2383 1027 2386 ¹

185 2404 258 2466 ὥστε
280 2405 432 2467 ἀνάστατοι
454 2411 484 2466 ἐκ
505 2409 560 2466 τῶν
582 2406 673 2465 οἰκίων
695 2404 826 2485 ἐγίνοντο·
855 2403 921 2464 ὅκου
948 2431 981 2488 γε

185 2495 320 2554 Θασίοισι
333 2495 401 2573 ὖπέρ
415 2499 470 2556 τῶν
484 2500 513 2555 ἐν
526 2497 561 2572 τῇ
575 2493 679 2572 ἠπείρῳ
693 2492 799 2552 πολίων
811 2497 865 2552 τῶν
879 2494 981 2569 σφετέ-

185 2607 240 2654 ρων
261 2582 435 2660 δεξαμένοισι
456 2582 508 2658 τῆν
530 2583 638 2659 Ξέρξεω
660 2580 795 2658 στρατιὴν
817 2580 862 2639 καὶ
884 2581 983 2641 δειπνί-

187 2691 259 2727 σασι
270 2667 479 2747 Ἀντίπατραςὸ
492 2669 608 2750 Ὀργέος
621 2667 812 2746 α’ραιρημένος,
821 2671 877 2728 τῶν
890 2668 985 2729 άστῶν

187 2753 257 2832 ἀνὴρ
278 2755 388 2834 δόκιμος
409 2757 493 2835 όμοῖα
512 2761 551 2836 τηΑ
563 2756 700 2833 μάλιστα,
715 2755 830 2826 ἀπέδεξε
844 2761 871 2820 ἐς
883 2756 916 2816 τό
931 2757 983 2816 δεῖ·

187 2866 257 2902 πνον
283 2845 450 2921 τετρακόσια
477 2843 603 2905 τάλαντα
630 2843 762 2951 άρχυρίου
788 2845 984 2921 τετελεσμένα.

186 2923 237 2992 Ὣς
258 2929 287 2987 δέ
308 2932 512 3008 παραπλησίως
531 2931 577 2990 καὶ
595 2936 624 2991 ἐν
649 2957 717 3010 τησι
735 2929 845 3010 άλλῃσι
862 2931 963 2990 πόλισι
975 2931 1031 2989 119

188 3020 216 3077 οἱ
236 3022 402 3083 ἐπεστεῶτες
421 3019 621 3080 ἐπεδείκνυσαν
636 3019 686 3080 τόν
701 3018 797 3100 λόγον·
818 3018 851 3078 τό
864 3017 919 3098 γάρ
933 3017 984 3076 δεῖ·

187 3131 258 3167 πνον
273 3107 380 3168 τοιόνδε
393 3134 421 3168 τι
435 3109 548 3188 ἐγένετο,
563 3107 608 3167 οἶα
621 3113 651 3167 ἐκ
665 3109 776 3166 πολλοῦ
796 3104 898 3184 χρόνου
917 3129 985 3181 προ-

189 3197 333 3274 ειρημένον
354 3196 401 3255 καὶ
421 3195 485 3273 περὶ
504 3199 616 3255 πολλοῦ
633 3192 805 3269 ποιεύμενον·
826 3194 909 3250 τοῦτο
927 3193 986 3268 μὲν,

189 3281 225 3346 ὥς
244 3284 380 3347 ἐπύθοντο
399 3282 522 3362 τάχιστα
539 3286 596 3342 τῶν
612 3279 734 3357 κηρύκων
751 3281 805 3338 τῶν
822 3281 987 3358 περιαγγελ-
