2294 3430
198 111 339 177 ιιι-ιιι]
507 111 692 162 nomam.
949 110 996 164 ιιι

197 192 338 269 μείναντες
347 195 502 272 α’νέσχοντο
514 191 563 252 τόν
572 192 686 254 ἐπιόντα
699 190 744 252 ε’πὶ
756 191 809 269 τήν
817 189 911 271 χόρην
921 190 996 261 δέξα-

197 279 275 340 σθαι.

238 367 406 446 Πέμψαντες
426 366 481 448 γάρ
505 369 532 427 οἱ
551 366 694 444 Ἀθηναῖοι
716 371 744 430 ἐς
765 365 897 442 Δελφούς
916 365 1044 426 oso-140

197 453 331 530 τρόπους,
352 453 609 533 χρηστηριάζεσθαι
629 454 704 531 ἦσαν
726 457 840 531 ἑτοῖμοι·
872 453 921 512 καί
941 458 998 530 σφι

197 541 339 618 ποιήσασι
359 543 424 620 περὶ
446 541 479 602 τό
503 541 561 619 ἱρόν
583 541 620 602 τά
645 539 870 651 νομιζόμενα,“
849 567 885 604 ως
911 545 938 604 ἐς
964 539 997 601 τό

198 629 321 710 μέγαρον
339 629 503 694 ἐσελθόντες
520 630 618 704 ἵζοντο,
634 634 692 711 χρᾷ
704 655 723 706 η
715 629 878 740 Πυθίη
842 655 878 709 τῃ
892 627 1031 706 οὕνομα

197 715 233 791 ἦν
245 717 502 796 Ἀριστονίκηε
437 717 512 778 τόδε

256 844 288 894 Ω
298 847 387 906 μέλεοι,
400 846 425 894 τί
436 845 559 905 κάθησθε;
574 846 653 894 λιπὼν
664 843 733 907 φεῦγ’
744 847 846 911 ἔσχατα
850 847 921 906 γαίης

262 919 363 977 δώματα
373 919 414 966 καὶ
425 918 509 966 πόλιος
519 919 667 978 τροχοειδέος
678 918 741 980 άκρα
752 919 850 979 κάρηνα.

263 991 318 1038 ούτε
328 991 377 1051 γάρ
389 989 404 1048 ἡ
416 991 512 1050 κεφαλὴ
522 990 588 1048 μένει
599 990 709 1049 ἔμπεδον,
724 992 779 1037 ούτε
789 991 818 1038 τδ
829 990 906 1049 σῶμα,

263 1063 317 1110 ούτε
329 1061 399 1110 πόδες
410 1062 498 1118 νέατοι,
512 1059 559 1108 οὔτ’
571 1059 602 1108 ιόν
613 1061 689 1122 χέρες,
705 1061 760 1108 ούτε
770 1077 794 1108 τι
804 1061 897 1120 μέσσης
918 1103 922 1114 ,

239 1127 243 1151 ’
261 1133 380 1192 λείπεται,
395 1132 450 1181 ἀλλ’
461 1133 540 1192 ἄζηλα
551 1133 628 1181 πέλει·
646 1134 708 1181 κατὰ
718 1133 767 1194 γάρ
777 1150 818 1191 μιν
829 1131 916 1193 έρεὶπει

262 1207 310 1266 πῦρ
320 1223 349 1252 τε
360 1205 400 1253 καὶ
411 1205 545 1266 όξύςἊρης
557 1205 700 1266 Συριηγενὲς
711 1203 778 1265 ἅρμα
790 1202 887 1253 διαὶκων.
912 1246 913 1250 ,

262 1277 345 1324 πολλά
355 1278 382 1325 δὲ
392 1276 460 1325 κᾶλλ’
473 1275 564 1325 άπολεῖ
573 1277 731 1338 πυργώματα,
746 1277 788 1324 κού
799 1276 828 1323 τδ
839 1275 881 1323 σδν
892 1274 946 1322 αἶαν’

262 1351 367 1398 πολλούς
378 1349 399 1398 δ’
410 1349 535 1397 ἀθανάτων
545 1350 612 1408 νηούς
623 1349 721 1410 μαλερῷ
732 1349 788 1410 πυρὶ
799 1348 877 1406 δώσει,

263 1423 287 1469 οἱ
294 1438 342 1469 που
352 1423 391 1470 νύν
402 1423 482 1482 ἱδρῶτι
492 1421 610 1483 ῥεούμενοι
618 1420 743 1479 ἑστήκασι,

261 1493 354 1551 δείματι
366 1493 522 1550 παλλόμενοι·
539 1492 603 1540 κατά
614 1489 635 1540 δΙ
646 1490 786 1553 ἀκροτάτοις
797 1490 906 1552 ὀρόφοισι

261 1565 321 1623 αῖμα
331 1565 408 1623 μέλαν
419 1566 526 1625 κέχυται,
541 1564 638 1626 προὶδδν
649 1564 780 1622 κακότητος
792 1564 907 1624 ἀνάγκας.

261 1635 318 1686 άλλ’
330 1638 381 1685 ίτον
392 1639 418 1696 έξ
429 1638 531 1697 ἀδύτοιο,
544 1637 625 1685 κακοῖς
636 1636 656 1684 δ’
669 1637 806 1684 ἐπικίδνατε
818 1636 897 1694 θυμόν.

195 1751 290 1808 Ταῦτα
317 1747 486 1811 ἀκούσαντες
510 1749 537 1807 οἱ
562 1749 618 1808 τῶν
639 1745 793 1824 Ἀθηναίων
817 1742 1042 1823 θεοπρόποι,141

196 1839 333 1913 συμφορῇ
352 1839 388 1912 τῇ
411 1835 534 1915 μεγίστη
561 1834 704 1913 ἐχρέωντο·
737 1831 941 1911 προβάλλουσι
967 1830 997 1889 δὲ

196 1923 289 1998 σφέας
299 1921 399 1984 αύτούς
408 1921 464 1980 ύπό
474 1926 524 1980 τοῦ
535 1926 621 1980 κακοῦ
633 1925 683 1981 τοῦ
694 1919 893 2001 κεχρησμένου,
904 1919 997 1994 Τίμων

196 2007 213 2067 ὁ
232 2006 450 2084 Ἀνδροβούλου,
468 2009 525 2067 τῶν
546 2012 669 2084 Δελφῶν
689 2007 758 2086 α’νὴρ
780 2007 892 2084 δόκιμος
913 2004 998 2081 ὁμοῖα
1073 2053 1076 2060 .

195 2098 235 2173 τῷ
253 2094 389 2171 μάλιστα,
414 2093 603 2170 συνεβούλευέ
625 2101 681 2170 σφι
702 2096 840 2173 ἱκετηρίην
858 2093 992 2169 λαβοῦσι,

196 2181 309 2260 δεύτερα
329 2181 405 2246 αιἰτις
424 2181 557 2244 ἐλθόντας
577 2183 701 2259 χρᾶσθαι
720 2188 759 2262 τῷ
778 2180 938 2262 χρηστηρίῳ
960 2177 996 2242 οἷς

197 2270 296 2334 ἱκέτας·
317 2269 510 2348 πειθομένοισι
524 2270 653 2329 δὲταῦτα
666 2273 742 2330 τοῖσι
754 2269 938 2346 Ἀθηναίοισι,
950 2265 996 2326 καὶ

194 2360 323 2441 λέγουσι·
351 2369 369 2396 “
377 2357 457 2432 ὦναξ,
477 2361 587 2437 χρῆσον
603 2356 670 2434 ἡμῖν
688 2357 801 2435 οἱμεινόν
818 2383 846 2417 τι
863 2355 927 2434 περὶ
946 2357 997 2431 τῆς

194 2448 335 2526 πατρίδος,
363 2447 501 2510 αἰδεσθεὶς
526 2444 577 2509 τοὶς
603 2447 739 2522 ἱκετηρίας
764 2445 852 2505 τάσδε
877 2443 927 2506 τός
951 2467 997 2502 τοι

194 2533 299 2613 ἥκομεν
317 2537 458 2614 φέροντες·
485 2534 504 2612 ἦ
525 2534 557 2595 οὔ
577 2559 621 2593 τοι
642 2532 743 2610 ἄπιμεν
763 2537 794 2592 ἐκ
813 2535 864 2593 τοῦ
885 2529 993 2604 ἀδύτου,

684 2619 691 2640 ἱ
932 2616 940 2640 Ι

194 2709 274 2786 μεν·”’
299 2715 388 2771 ταύτα
410 2709 441 2770 δὲ
462 2707 615 2791 λέγουσιή
636 2707 788 2786 πρόμαντις
807 2711 865 2788 χρᾷ
882 2703 996 2782 δεύτερα

195 2794 269 2855 τάδε·

260 2907 296 2958 Ού
304 2909 402 2957 δύναται
412 2909 515 2957 Παλλάς
526 2907 563 2956 Δι’
577 2908 709 2968 Ὀλύμπιον
720 2908 887 2968 ἐξιλάσασθαι,

258 2980 390 3038 λισσομένη
401 2981 515 3028 πολλοῖσι
526 2981 607 3040 λόγοις
619 2981 659 3028 καὶ
669 2981 750 3038 μήτιδι
762 2979 848 3039 τυκνηῐ.

155 3084 170 3106 ,-
259 3053 299 3102 σοὶ
309 3053 335 3100 δέ
346 3051 396 3100 τόδ’
406 3049 473 3100 αὖτις
484 3053 541 3100 ἔπος
552 3053 616 3113 έρέιο,
627 3029 761 3114 ’ladam
773 3051 907 3098 πελάσσας·

258 3127 307 3174 τῶν
318 3124 400 3174 ἄλλων
410 3125 459 3184 γάρ
471 3123 639 3182 ἁλισκομένων,
653 3123 700 3171 ὅσα
711 3123 835 3182 Κέκροπος
846 3117 914 3180 οὖρος

257 3197 323 3248 έντδς
334 3196 387 3258 ἔχει
397 3192 503 3256 κενθμιύν
513 3211 541 3242 τε
552 3193 698 3254 Κιθαιρῶνος
709 3192 808 3250 ζαθέοιο,

258 3270 339 3332 τεῖχος
350 3266 491 3330 Ῥριτογενεῖ
498 3265 590 3326 ξύλινον
601 3263 662 3312 διδοὶ
671 3263 775 3322 εὐρύοπα
786 3261 842 3310 Ζεύς
