2280 3432
133 76 272 139 ἰιι-ιιι]
460 59 614 123 omnm.
885 71 932 123 οτι

133 157 171 234 μὴ
196 157 225 215 δέ
251 153 337 230 ὑμέας
359 151 545 229 Ἀλέξανδρος
571 150 587 210 ὑ
614 149 751 210 Μακεδῶν
774 149 931 230 ἀναγνώσῃ,

135 243 234 322 λεῄνας
251 241 301 301 τόν
322 241 483 318 Μαρδονίου
499 239 596 322 λόγον·
613 238 701 318 τούτῳ
713 241 765 315 μὲν
778 236 832 318 γάρ
845 244 932 298 ταῦτα

136 330 250 405 ποιητέα
259 330 329 388 ἐστί·
342 328 473 406 τύραννος
481 327 536 410 γάρ
548 327 599 389 ἐῶν
611 326 733 406 τυράννῳ
744 326 932 407 συγκατεργά-

137 419 219 488 ζεται·
246 416 311 493 ὑμῖν
332 417 363 476 δέ
381 443 414 498 γε
435 417 467 476 οὑ
487 417 611 492 ποιητέα,
636 416 712 492 ε’ίπερ
733 413 762 473 εὑ
782 415 932 496 τυγχάνετε

138 505 308 580 φρονέοντες,
325 505 537 582 ἐπισταμένοισι
554 503 589 566 ῶς
603 501 784 580 βαρβάροισί
796 508 857 562 ε’στι
871 501 933 562 οὔτε

138 591 238 652 πιστόν
252 591 314 650 οὔτε
325 589 427 667 άληθές
437 590 540 651 οὑδέν.”
560 595 648 650 ταῦτα
659 591 755 660 ἔλεξαν
769 594 795 650 οἱ
808 590 933 671 ἄγγελοι.

177 679 320 754 Ἀθηναῖοι
341 679 370 737 δὲ
390 678 460 756 πρός
472 680 524 756 μὲν
536 677 720 754 Ἀλέξανδρον
735 678 914 756 ὑπεκρίναντο
924 679 981 738 143

138 765 211 826 τάδε·
233 767 297 823 “καὶ
321 765 401 826 αὑτοὶ
416 765 500 826 τοῦτό
516 791 549 846 γε
569 765 750 841 ἐπιστάμεθα,
766 765 808 824 ὅτι
826 771 935 825 πολλα-

139 854 246 930 πλησίη
268 853 329 912 ἐστὶ
349 857 388 932 τῷ
408 853 496 932 Μήδῳ
517 852 629 929 δύναμις
655 851 731 928 ἤπερ
753 851 829 928 ἡμῖν·
862 852 933 912 ὥστε

139 941 216 1001 οὑδὲν
229 942 283 1000 δέει
300 940 383 1000 τοῦτό
396 967 429 1020 γε
444 940 592 1010 ὀνειδίζειν·
614 938 679 998 ἀλλ’
693 939 766 1016 ὅμως
780 940 936 1015 ἐλευθερίης

138 1028 302 1108 γλιχόμενοι
322 1027 497 1106 ἀμυνεύμεθα
511 1027 580 1087 οὕτω
594 1027 662 1090 ὅκως
676 1025 709 1086 ἂν
723 1028 768 1085 καὶ
785 1025 935 1102 δυνάμεθα·

139 1114 318 1197 ὁμολογῆσαι
339 1117 368 1175 δὲ
388 1121 426 1196 τῷ
446 1114 586 1196 βαρβάρῳ
607 1115 678 1192 μήτε
696 1114 732 1174 σὺ
747 1113 836 1190 ἡμέας
851 1118 937 1189 πειρῶ

139 1203 303 1274 α’ναπείθειν,
319 1203 381 1264 οὔτε
391 1205 473 1282 ἡμέες
483 1194 655 1281 πεισόμεθα..
676 1207 724 1263 νὺν
734 1203 763 1260 δὲ
774 1201 937 1282 ἀπάγγελλε

141 1292 296 1371 Μαρδονίῳ,
311 1292 345 1354 ῶς
357 1291 500 1369 Ἀθηναῖοι
511 1281 636 1372 λέγουῖτι,
652 1289 708 1351 ἐστ’
722 1287 755 1349 ἂν
769 1289 784 1348 ὑ
798 1289 877 1366 ἥλιος
886 1288 938 1364 τὴν

140 1379 226 1454 αὑτήν
239 1379 303 1440 ὀδόν
316 1381 344 1458 ίῃ
357 1385 446 1459 τῇπερ
461 1381 506 1439 καὶ
524 1384 571 1440 νῦν
588 1381 707 1459 ἔρχεται,
718 1377 823 1455 μήκοτε
835 1375 938 1453 ὁμολο-

139 1467 238 1547 γὴσειν
258 1467 345 1544 ἡμέας
365 1469 465 1549 Ξέρξη·
493 1467 570 1528 ἀλλά
591 1467 684 1530 θεοῖσί
707 1493 739 1527 τε
760 1464 938 1544 συμμάχοισι

140 1555 255 1614 πίσυνοί
270 1582 319 1632 μιν
341 1557 467 1634 ἐπέξιμεν
488 1554 655 1634 ἀμυνόμενοι
677 1556 723 1616 καὶ
742 1559 819 1616 τοῖσι
838 1553 937 1631 ἥρωσι·

140 1646 193 1702 τῶν
214 1647 315 1708 ἐκεῖνος
336 1639 464 1723 οὐδεμίαν
486 1643 550 1705 ὄπιν
571 1646 647 1724 ἔχων,
670 1645 806 1722 ἐνέπρησε
825 1642 889 1705 τούς
908 1667 939 1702 τε

141 1731 230 1795 οἴκους
248 1733 293 1790 καὶ
309 1733 345 1792 τά
363 1733 523 1814 ἀγάλματα.
566 1733 603 1792 σύ
616 1759 647 1794 τε
659 1738 709 1793 τοῦ
722 1736 824 1792 λοιποῦ
837 1731 943 1811 λόγους,

140 1818 209 1896 ἔχων
219 1820 346 1878 τοιούσδε
355 1821 395 1896 μὴ
407 1823 552 1896 ἐπιφαίνεο
562 1821 746 1896 Ἀθηναίοισι,
756 1820 826 1895 μηδὲ
840 1819 940 1878 δοκέων

139 1906 253 1982 χρηστά
272 1906 433 1986 ὑπουργέειν
458 1907 597 1982 ἀθέμιστα
624 1905 711 1984 ἕρδειν
736 1907 875 1984 παραίνεε·
907 1904 939 1964 οὑ

140 1991 197 2068 γάρ,
221 2017 256 2050 σε
282 1991 447 2068 βουλόμεθα
475 1992 553 2052 οὐδὲν
582 1992 667 2071 ἄχαρι
692 1993 763 2069 πρός
787 1991 940 2067 Ἀθηναίων

140 2079 260 2152 παθέειν,
277 2079 357 2139 ἐόντα
370 2079 515 2158 πρόξεινόν
527 2105 558 2138 τε
572 2081 617 2139 καὶ
632 2077 744 2156 φίλον.”
778 2079 856 2156 Πρός
869 2081 920 2155 μὲν
930 2082 988 2140 144

139 2165 325 2244 Ἀλέξανδρον
340 2171 427 2227 ταῦτα
444 2167 633 2245 ὑπεκρίναντο·
659 2165 729 2244 πρός
742 2167 780 2227 γδὲ
800 2165 865 2230 τοὺς
884 2165 940 2226 α’πδ

141 2256 271 2334 Σπάρτης
281 2256 418 2338 α’γγέλους
427 2254 502 2316 τάδε·
525 2265 541 2290 “
551 2254 584 2315 τό
597 2259 649 2332 μὲν
664 2256 755 2316 δεῖσαι
768 2255 940 2330 Λακεδαιμο·
960 2312 961 2315 ,

141 2345 213 2408 νίους
228 2344 268 2422 μὴ
287 2343 510 2426 ὁμολογήσωμεν
523 2347 561 2423 τῷ
573 2343 722 2428 βαρβάρῳ,
737 2343 825 2421 κάρτα
839 2343 940 2420 ἅνθρω-

141 2431 223 2506 πήῖον
242 2432 286 2507 ἦν·
314 2433 384 2511 α’τάρ
405 2437 529 2512 αἰσχρῶς
548 2457 581 2513 γε
603 2433 703 2502 οἴκατε,
729 2431 939 2508 ἐξεπιστάμενοι

140 2523 195 2577 τῶν
214 2518 368 2594 Ἀθηναίων
388 2521 421 2581 τό
444 2521 584 2600 φρόνημα,
608 2520 776 2599 ἀρρωδῆσαι·
808 2519 851 2579 ὅτι
878 2517 941 2579 οὑτε

140 2604 246 2683 χρυσός
260 2611 321 2666 ἐστι
333 2614 385 2689 γὴς
406 2609 540 2686 οὐδαμόθι
558 2614 692 2672 τοσοῦτος
707 2607 769 2668 οὔτε
782 2607 859 2686 χάρη
874 2607 940 2666 κάλ-

140 2697 186 2751 λεΐ
200 2693 245 2751 καὶ
258 2693 343 2772 ἀρετῇ
355 2697 430 2776 μέγα
441 2698 647 2776 ὑπερφέρουσα,
658 2696 694 2756 τά
707 2695 786 2774 ἡμεῖς
796 2695 940 2770 δεξάμενοι

141 2782 285 2858 ἐθέλοιμεν
296 2781 329 2841 ἂν
338 2784 506 2858 μηδίσαντες
517 2786 728 2845 καταδουλῶσαι
741 2783 792 2858 τὴν
804 2781 940 2840 Ἑλλάδα·

140 2869 238 2927 πολλά
248 2895 278 2927 τε
288 2870 343 2950 γάρ
353 2871 399 2929 καὶ
408 2872 520 2952 μεγάλα
531 2874 592 2932 ἐστὶ
605 2873 641 2931 τά
654 2870 841 2930 διακωλύοντα
853 2873 941 2928 ταῦτα

139 2955 181 3035 μὴ
198 2957 309 3028 ποιέειν,
325 2957 388 3034 μηδ’
411 2957 445 3035 ἢν
467 2959 613 3035 ἐθέλωμεν·
638 2963 735 3036 πρῶτα
755 2959 807 3033 μέν
828 2955 873 3014 καὶ
892 2956 941 3032 μέ-

139 3071 236 3127 γιστα,
263 3049 318 3104 τῶν
345 3047 413 3106 θεῶν
439 3047 475 3106 τά
501 3045 652 3127 ἀγάλματα
679 3048 724 3105 καὶ
745 3043 781 3104 τοὶ
804 3041 942 3119 οἰκήματα

140 3136 362 3212 ἐμπεπρησμένα
382 3162 413 3195 τε
436 3136 481 3194 καὶ
503 3137 730 3216 συγκεχωσμένα·
760 3136 836 3193 τοῖσι
854 3130 941 3208 ἡμέας

139 3221 295 3302 α’ναγκαίως
316 3223 373 3303 ἔχει
393 3221 536 3300 τιμωρέειν
562 3225 589 3283 ἐς
614 3221 650 3280 τοὶ
675 3221 797 3302 μέγιστα
819 3223 939 3298 μᾶλλον,
