2294 3430
207 89 318 154 ιι-οο]
518 87 705 138 nomm.
955 90 1002 138 ιω

207 166 267 228 ούτι
286 167 460 248 ἀνεχομένων
478 193 529 232 τας
549 164 730 244 καμήλους
712 189 827 243 υστεροι
846 165 1005 277 ἐτετάχατο,

207 255 252 314 ἵνα
272 281 312 332 μη
304 253 526 332 φοβέοιτο
492 280 526 314 το
548 252 670 314 ἱππικόν.
706 253 860 332 Ιππαρχοι
882 252 947 312 δὲ’
929 279 1003 330 ησαν
1014 257 1054 314 88

205 339 397 452 Αρμαμίθρης
417 368 448 402 τε
470 367 516 401 και
505 342 657 411 Τίθαιος,
681 340 784 404 Δάτιος
804 341 952 406 παῖδες·’
937 369 952 400 ο
974 343 1031 401 δὲ

205 431 297 506 τρίτος
310 437 367 507 σφι
380 429 574 509 συνίππαρχος
583 429 746 510 Φαρνούχης
760 431 990 490 καταλέλειπτο’
977 457 1006 491 εν

205 517 324 596 Σάρδισι
344 518 458 580 νοσέων·
479 517 515 582 οἷς
534 517 590 598 γάρ
610 516 750 595 ὁρμέοντο
768 523 798 577 ἔκ
813 517 944 596 Σαρδίων,
959 519 1005 578 ε’πὶ
1036 587 1037 590 ¹

204 605 358 684 συμφορήν
381 606 494 667 ἐνέπεσε
517 605 695 683 ἀνεθέλητον·
723 605 865 666 ἐλαύνοντι
889 606 944 687 γάρ
969 611 1004 677 οἱ,

203 691 259 752 ύπδ
279 693 344 758 τούς
364 693 451 757 πόδας
471 696 522 754 τού
544 694 631 754 ἵππου
650 692 792 771 ύπέδραμε
811 693 890 754 κύων·
918 695 964 754 καὶ
987 695 1003 756 ὁ

206 779 289 844 ἵππος
308 781 340 841 ού
357 781 486 859 προῖδεδν,
502 781 635 858 ἐφοβήθη
654 807 686 841 τε
707 782 753 840 καὶ
774 781 844 844 στοὶς
857 780 939 858 ὀρθός
952 781 1003 842 άπ-

205 870 336 929 εσείσατο
353 868 403 930 τόν
421 869 593 948 Φαρνούχεα·
614 868 709 928 πεσιδν
732 869 769 937 δὲ,
787 867 857 944 αἷμά
876 895 907 928 τε
926 867 1003 945 ἤμεε,

204 956 250 1014 καὶ
270 961 298 1020 ές
318 957 420 1032 φθίσιν
439 957 575 1034 περιῆλθε
588 956 608 1032 ή
621 960 731 1019 νοῦσος·
751 957 801 1016 τόν
815 955 844 1014 δὲ
859 957 945 1016 ἵππον
957 957 1004 1018 αύ-

202 1043 266 1102 τίκα
286 1043 346 1104 κατ’
358 1044 448 1125 άρχάς
466 1045 600 1120 ε’ποίησαν
619 1045 646 1104 οἱ
664 1043 767 1104 οἰκέται
785 1042 821 1106 οἷς
837 1043 1004 1126 ε’κέλευεΔές

203 1131 252 1192 τόν
271 1137 362 1212 χῶρον
376 1139 405 1196 έν
417 1138 507 1214 τῷπερ
525 1133 668 1208 κατέβαλε
680 1131 730 1192 τόν
744 1130 882 1192 δεσπότεα
895 1129 1003 1213 άπαγα-

203 1217 307 1299 γύντες,
321 1226 350 1282 έν
361 1225 438 1282 τοῖσι
451 1219 569 1302 γούνασι
582 1218 725 1296 άπέταμον
737 1219 774 1280 τοὶ
786 1221 900 1279 σκέλεα.
930 1226 1002 1298 Φαρ-

204 1307 304 1386 νούχης
316 1310 368 1385 μὲν
381 1306 452 1368 οὕτω
464 1307 610 1386 παρελύθη
622 1311 673 1384 τῆς
686 1305 844 1388 ἡγεμονίης.

242 1400 304 1455 Τῶν
324 1396 354 1454 δὲ
373 1395 506 1474 τριήρεων
525 1395 642 1473 ἀριθμός
662 1397 715 1473 μὲν
737 1396 845 1476 ἐγένετο
864 1395 934 1455 ἑπτά
954 1397 1000 1455 καὶ
1010 1398 1048 1456 89

203 1479 343 1557 διηκόσιαι
356 1485 403 1542 καὶ
414 1485 515 1564 χίλιαι·
528 1482 696 1564 παρείχοντο
710 1483 739 1542 δὲ
753 1483 837 1546 αύτοὶς
851 1483 917 1542 οἶδε·
938 1485 1001 1544 Φοί-

203 1593 274 1635 νικες
286 1574 338 1648 μὲν
351 1571 404 1632 σύν
418 1573 545 1650 Συρίοισι
557 1576 634 1633 τοῖσι
645 1577 674 1632 έν
687 1572 913 1650 τῇΠαλαιστίνη
926 1598 1001 1649 τριη-

204 1660 307 1730 κοσίας,
321 1657 373 1720 &Be
392 1661 602 1736 ἐσκευασμένοι·
623 1661 687 1737 περὶ
700 1662 751 1737 μὲν
767 1663 835 1739 τῇσι
856 1663 1000 1738 κεφαλῇσι

203 1749 297 1811 κυνέας
310 1747 388 1826 εἶχον
401 1746 547 1828 α’γχοτάτω
558 1747 746 1824 πεποιημένας
755 1747 860 1824 τρόπον
873 1747 923 1807 τόν
934 1746 1000 1806 Ἑλ-

201 1835 324 1910 ληνικόν·
348 1834 518 1896 ἐνδεδυκότες
541 1833 571 1892 δὲ
595 1833 720 1911 θώρηκας
741 1834 856 1902 λινέους,
880 1833 1001 1898 οἷσπίδας

202 1919 231 1978 δὲ
251 1921 310 1984 ἰ’τυς
331 1919 381 1978 ούκ
402 1919 523 1998 ε’χούσας
545 1919 630 1996 εἶχον,
651 1920 698 1977 καὶ
719 1917 844 1978 άκόντια·
873 1917 949 1978 οὗτοι
970 1921 1000 1980 δὲ

202 2009 229 2064 οῖ
249 2010 373 2068 Φοίνικες
394 2006 428 2066 τό
450 2005 573 2064 παλαιόν
596 2006 693 2074 οἴκεον,
714 2004 750 2069 ιύς
773 2004 852 2064 αύτοὶ
873 2006 999 2086 λέγουσι,

202 2093 248 2152 ε’πὶ
264 2097 301 2172 τῇ
318 2091 439 2171 Ἐρυθρῇ
459 2091 604 2170 θαλάσση·
626 2093 749 2152 ἐνθεῦτεν
770 2092 800 2151 δὲ
820 2091 999 2169 ὑπερβάντες,

200 2185 250 2258 τῆς
262 2181 364 2260 Συρίης
376 2181 499 2240 οἰκέουσι
516 2180 552 2241 τά
566 2180 642 2258 παραὶ
658 2181 819 2242 θάλασσαν·
840 2185 890 2257 τῆς
904 2181 933 2240 δὲ
947 2184 999 2247 Συ-

199 2272 261 2348 ρίης
277 2273 361 2332 τοῦτο
378 2269 412 2330 τό
430 2269 540 2349 χωρίον,
554 2270 601 2328 καὶ
619 2268 652 2330 τό
672 2270 756 2349 μέχρι
769 2269 913 2352 Αἰγύπτου
932 2275 996 2346 πᾶν,

200 2358 381 2436 Παλαιστίνη
408 2358 546 2418 καλέεται.
586 2357 735 2439 Αἰγύπτιοι
761 2359 790 2418 δὲ
816 2359 878 2423 νέας
904 2361 999 2437 παρεί-

198 2473 284 2527 χοντο
296 2447 449 2524 διηκοσίας·
470 2445 546 2508 οὗτοι
559 2446 589 2506 δὲ
602 2446 679 2527 εἶχον
693 2448 755 2525 περὶ
766 2450 819 2525 μὲν
830 2452 899 2527 τῇσι
913 2455 998 2526 κεφα-
1061 2503 1064 2510 ,

198 2537 269 2613 λῇσι
291 2535 391 2613 κράνεα
408 2534 542 2616 χηλευτά,
562 2534 684 2600 ἀσπίδας
705 2535 735 2596 δὲ
755 2537 852 2600 κοίλας
869 2535 919 2601 τάς
940 2537 998 2601 ἴτυς

198 2622 324 2703 μεγάλας
342 2624 470 2703 έχαύσας,
487 2624 534 2683 καὶ
552 2622 656 2702 δόρατά
675 2648 707 2685 τε
727 2623 864 2704 ναύμαχα,
884 2626 930 2684 καὶ
949 2625 995 2686 τύ·

200 2733 263 2772 κους
279 2711 429 2792 μεγάλους·
455 2711 489 2773 τό
510 2711 540 2772 δὲ
554 2713 673 2788 ,πλῆθος
692 2710 782 2772 αύτῶν
776 2712 997 2824 θωρηκοφόροι

199 2793 282 2871 ἦσαν,
294 2799 434 2876 μαχαίρας
447 2799 477 2858 δε
488 2799 615 2880 μεγάλας
631 2799 717 2878 εἶχον.
758 2797 835 2860 οὗτοι
853 2827 906 2878 μεν
926 2799 997 2860 οὕτω

199 2885 381 2946 έσταλάδατο.
423 2887 545 2964 Κύπριοι
566 2887 596 2946 δὲ
618 2888 785 2968 παρείχοντο
809 2889 872 2952 νέας
894 2887 991 2964 πεντή-
1004 2890 1044 2947 90

199 2998 283 3032 κοντα
295 2957 349 3032 καὶ
369 2974 475 3046 ἑκατόν,
486 2976 698 3088 ἐσκευασμένοι
717 2974 778 3036 ὧδε·
801 3001 851 3040 τας
873 3001 926 3051 μεν
952 3001 995 3034 κε-

198 3060 294 3137 φαλας
314 3060 494 3141 εἱλίχατο’
459 3089 575 3142 μιτρῃσι
596 3089 623 3123 οι
614 3062 833 3140 βασιλέες’
799 3067 896 3123 αυτῶν·
918 3066 945 3122 οἱ
966 3062 996 3122 δὲ

197 3148 283 3210 ἄλλοι
296 3149 373 3230 εἶχον
386 3151 511 3214 κιθῶνας·
531 3151 567 3212 τά
580 3151 610 3211 δὲ
623 3149 700 3210 ἅλλα
714 3149 835 3226 κατάπερ
846 3149 992 3226 Ἕλληνες.

196 3237 300 3300 τούτων
313 3238 343 3299 δὲ
355 3237 459 3298 τοσάδε
472 3237 551 3298 έθνεά
568 3243 639 3298 ε’στι·
660 3241 688 3297 οἱ
700 3240 752 3310 μὲν
764 3235 821 3296 άπδ
835 3238 996 3310 Σαλαμῖνος
