2280 3432
164 92 276 154 ιι-ω]
484 89 638 139 omnm,
915 69 963 140 τις

164 172 264 240 θεοῖσι,
285 168 400 231 αὐτόθεν
420 171 472 246 μὲν
493 174 524 228 ἐκ
545 170 713 247 Σαλαμῖνος,
728 167 835 229 Α’ίαντό
860 194 891 228 τε
917 171 964 233 καὶ

163 261 317 335 Τελαμῶνα
343 257 536 318 ἐπεκαλέοντο·
571 257 618 318 ἐπὶ
644 258 674 317 δέ
700 257 805 316 Αἰακόν
832 257 877 316 καὶ
899 257 964 322 τοῦς

162 344 267 408 ἄλλους
278 345 409 429 Αἰακίδας
422 349 476 420 νῆα
489 345 668 406 ἀπέστελλον
682 351 709 408 ἐς
722 347 847 425 Αἴγιναν.
884 344 963 421 Ἔφη
973 347 1010 404 65

162 433 192 490 δὲ
210 437 324 496 Δικοῖος
344 432 360 492 ὁ
381 433 539 502 Θεοκύδεος,
559 432 629 511 οἶνῆρ
646 433 799 509 Ἀθηναῖος,
821 431 913 512 φυγάς
932 459 964 492 τε

162 521 208 580 καὶ
229 521 307 600 παρὰΙ
327 520 454 598 Μήδοισι
475 521 594 602 λόγιμος
614 521 762 602 γενόμενος
788 525 887 580 τοῦτον
914 520 964 582 τόν

160 610 271 688 χρόνον·
299 610 362 669 ἐπεί
378 635 410 668 τε
431 610 549 684 ἐκείρετο
569 609 588 684 ή
607 608 722 686 Ἀττική
742 607 819 688 χώρη
839 607 893 668 ῦπό
913 613 964 668 τοῦ
1008 665 1010 670 ,

161 698 245 766 πεζοῦ
259 699 382 772 στρατοῦ
396 699 447 756 τοῦ
458 697 573 772 Ξέρξεω,
586 700 674 756 ἐοῦσα
688 700 791 774 ἐρῆμος
800 695 961 772 Ἀθηναίων,

160 787 254 862 τυχεῖν
266 781 330 842 τότε
344 782 395 842 ἐιῦν
408 781 467 859 ἅμα
480 783 639 862 Δημαρήτῳ
656 787 695 860 τῷ
708 784 915 864 Λακεδαιμονίῳ
935 790 963 843 ἐν

160 876 199 948 τῷ
212 871 337 948 Θριασίῳ
350 870 443 948 πεδίῳ·
466 869 531 930 ἰδεῖν
545 871 574 928 δὲ
588 869 730 946 κονιορτόν
748 871 888 947 χωρέοντα
906 870 962 930 α’πῦ

160 956 331 1026 Ἐλευσῖνος,
346 956 381 1020 ὦς
393 956 499 1033 ἀνδρῶν
512 957 641 1034 μόλιστοί
654 983 688 1032 κη
699 957 877 1032 τρισμυρίων·
895 957 962 1016 οἷπο-

162 1047 296 1121 θωμάζειν
309 1045 341 1104 τέ
353 1051 446 1120 σφεας
460 1043 510 1104 τόν
523 1044 674 1121 κονιορτόν,
689 1042 773 1104 ὅτειόν
786 1069 850 1102 κοτε
864 1044 905 1119 εἴη
918 1044 962 1104 οἷν-

161 1132 284 1210 θριίπων,
299 1133 345 1193 καὶ
363 1132 485 1212 πρόκατε
503 1137 597 1208 φωνῆς
616 1131 732 1201 ἅκοίειν,
748 1130 793 1188 καὶ
807 1133 834 1190 οἱ
847 1131 962 1205 φαίνεσ-

161 1221 208 1280 θαι
228 1220 280 1295 τῆν
297 1221 392 1296 φωνήν
409 1221 478 1280 εἶναι
496 1219 545 1280 τόν
566 1219 702 1297 μυστικόν
720 1219 828 1296 ἴακχον·
854 1217 922 1278 εἶναι
939 1219 961 1278 δ’

161 1307 306 1384 ἀδαήμονα
318 1312 373 1368 τῶν
388 1311 451 1384 ἱρῶν
464 1311 520 1368 τῶν
533 1313 562 1368 ἐν
571 1307 714 1367 Ἐλευσῖνι
723 1306 773 1366 τόν
784 1305 962 1383 Δημάρητον,

161 1397 287 1473 εἴρεσθαί
304 1422 335 1456 τε
354 1393 438 1455 αὐτόν
458 1395 474 1456 ὅ
494 1423 522 1455 τι
542 1395 575 1454 τό
594 1395 787 1476 φθεγγόμενον
806 1395 847 1470 εἴη
865 1398 947 1454 τοῦτο
953 1421 961 1464 3

161 1482 244 1548 αὐτός
258 1485 287 1543 δὲ
301 1487 395 1544 εἰπεῖν·
418 1495 435 1520 “
444 1485 603 1561 Δημάρητε,
619 1483 668 1544 οῦκ
686 1485 747 1543 ἐστι
761 1481 829 1546 ὅκως
844 1481 876 1542 οῦ
889 1483 962 1563 μέγα

159 1599 188 1633 τι
206 1574 283 1637 σίνος
302 1575 381 1633 ἔσται
399 1577 435 1652 τῆ
453 1574 593 1650 βασιλέος
607 1576 735 1650 στρατιή·
756 1571 822 1630 τόδε
834 1569 889 1652 γοὶρ
905 1570 963 1648 ἀρί-

160 1660 240 1736 δηλα,
256 1660 359 1738 ἐρήμου
370 1661 469 1737 ἐούσης
479 1665 529 1736 τῆς
540 1659 677 1736 Ἀττικῆς,
691 1659 735 1720 ὅτι
749 1661 823 1719 θεῖον
832 1658 865 1719 τό
877 1659 962 1740 φθεγ-

158 1747 278 1826 γόμενον
297 1747 354 1808 αἶπό
368 1749 531 1810 Ἐλευσῖνος
545 1748 587 1808 ἰόν
602 1754 628 1811 ἐς
641 1749 774 1825 τιμωρίην
787 1747 964 1823 Ἀθηναίοισί

159 1860 190 1894 τε
208 1838 255 1896 καὶ
272 1841 349 1896 τοῖσι
367 1835 553 1913 συμμάχοισι·
576 1837 622 1894 καὶ
634 1834 669 1910 ἦν
682 1836 733 1910 μέν
745 1861 779 1915 γε
794 1834 962 1912 κατασκήψῃ

160 1926 188 1984 ἐς
205 1922 257 1998 τῆν
273 1924 504 1998 Πελοπόννησον,
519 1922 641 1984 κίνδυνος
654 1921 727 1999 αὐτῷ
739 1948 770 1980 τε
783 1923 903 1996 βασιλέϊ
917 1922 962 1978 καὶ

159 2012 196 2086 τῇ
209 2013 329 2086 στρατιή
337 2014 374 2087 τῇ
385 2014 414 2068 ἐν
425 2014 461 2086 τῇ
474 2007 577 2086 ήπείρῳ
592 2010 679 2068 ἐσται·
694 2006 728 2082 ήν
738 2009 768 2065 δὲ
782 2008 827 2064 ἐπὶ
837 2007 887 2070 ταὶς
896 2011 963 2082 νῆας

159 2095 298 2172 τράπηται
307 2095 356 2158 τὰς
367 2101 395 2156 ἐν
407 2098 554 2172 Σαλαμῖνι,
568 2095 617 2154 τόν
631 2095 759 2154 ναυτικόν
772 2093 895 2171 στρατόν
908 2121 962 2154 κιν-

160 2183 285 2242 δυνεύσει
297 2183 437 2260 βασιλεῦς
450 2181 634 2257 ἆποβαλέειν·
654 2180 706 2256 τῆν
720 2182 749 2240 δέ
762 2181 847 2258 ὁρτὴν
860 2181 962 2257 ταύτην

160 2269 262 2352 ι’ίγουσι
279 2271 423 2347 Ἀθηναῖοι
442 2269 495 2330 εἶναὶ
510 2269 601 2329 πόντα
618 2271 680 2328 ἔτεα
695 2273 731 2347 τῇ
749 2270 844 2346 Μητρὶ
859 2269 905 2329 καὶ
923 2273 959 2348 τῆ

160 2360 265 2438 Κούρῃ,
284 2361 330 2419 καὶ
348 2359 439 2420 αὐτῶν
456 2383 487 2418 τε
508 2357 523 2416 ὁ
538 2358 715 2434 βουλόμενος
731 2357 776 2416 καὶ
794 2360 848 2417 τῶν
867 2357 965 2419 ἄλλων

159 2446 304 2522 Ἑλλήνων
324 2452 442 2524 μυεῖται·
464 2447 511 2505 καὶ
530 2444 582 2521 τῆν
603 2445 705 2521 φωνήν,
729 2450 778 2521 τῆς
799 2443 913 2517 αἶκούεις,
933 2451 962 2506 ἐν

159 2533 246 2612 ταύτῃ
273 2538 308 2612 τῇ
336 2535 405 2614 ὁρτῇ
433 2531 623 2614 ίακχιίζουσι·”
658 2533 728 2610 πρός
759 2537 847 2592 ταῦτα
875 2537 961 2594 εἰπεῖν

160 2621 338 2696 Δημάρητον·
360 2633 378 2658 “
387 2623 457 2703 σίγα
474 2647 513 2692 τε,
533 2621 578 2680 καὶ
596 2621 693 2696 μηδενὶ
712 2621 791 2699 οἷλλῳ
807 2620 856 2680 τόν
874 2620 962 2701 λόγον

159 2711 259 2766 τοῦτον
281 2709 369 2786 εἴπῃς·
397 2708 432 2786 ἢν
446 2708 502 2789 γάρ
520 2733 564 2768 τοι
582 2713 609 2770 ἐς
627 2709 754 2783 βασιλέα
767 2707 913 2786 ἅνενειχθῆ
926 2708 962 2767 τιὶ

161 2794 228 2852 ἔπεα
247 2799 343 2865 ταῦτα,
361 2795 532 2872 α’ποβαλέεις
548 2795 601 2871 τήν
619 2795 756 2870 κεφαλήν·
782 2797 830 2854 καί
846 2820 880 2854 σε
899 2795 961 2856 οὔτε

161 2881 214 2961 ἐγιῦ
233 2883 388 2960 δυνήσομαι
401 2883 543 2960 ῥύσασθαι
563 2881 619 2942 οὔτ’
633 2881 723 2946 ἄλλος
735 2881 886 2959 ἀνθρώπων
899 2881 961 2940 οὐδὲ

161 2969 208 3032 εἷς·
229 2969 294 3029 ἀλλ’
309 2970 349 3049 ἔχ’
362 2969 478 3048 ἥσυχος·
500 2971 564 3047 περὶ
577 2971 607 3028 δέ
620 2973 754 3045 στρατιῆς
769 2969 856 3043 τῆσδε
870 2969 961 3027 θεοῖσι

159 3057 306 3135 μελήσει·”
326 3059 443 3134 τὸνμὲν
461 3058 599 3132 δήτοῦτο
616 3058 781 3133 παραινέειν·
810 3061 840 3114 ἐκ
861 3055 890 3114 δὲ
910 3058 959 3114 τοῦ

160 3151 303 3225 κονιορτοῦ
325 3146 371 3206 καὶ
391 3149 441 3221 τῆς
463 3149 556 3220 φωνῆς
578 3144 711 3225 γενέσθαι
734 3145 826 3220 νέφος,
848 3142 894 3200 καὶ
912 3167 961 3219 με·

159 3236 314 3312 ταρσιωθὲν
327 3233 467 3314 φέρεσθαι
484 3233 533 3292 ἐπὶ
549 3230 709 3308 Σαλαμῖνος
727 3231 774 3290 ἐπὶ
793 3231 826 3291 τῦ
843 3229 960 3308 στρατό-
