2204 3430
144 110 253 175 24-29]
449 109 654 162 ταννιςονα.
914 109 959 160 11.

144 189 270 251 καστέων
298 187 342 250 ότι
371 188 417 250 ἐπὶ
442 188 572 268 χρήμασι
598 189 677 267 δίκην
702 187 798 249 ἄδικον
825 186 945 258 ἐδίκασε,

144 277 258 356 σφάξας
278 275 404 354 ἀπέδειρε
421 281 519 338 πᾶσαν
534 269 789 354 τήνάνθρωπηίην·
852 275 946 345 αδίξας

144 366 174 426 δέ
198 365 283 425 αὐτοῦ
303 363 337 424 τό
359 363 456 442 δέρμα,
479 363 595 442 ἱμάντας
622 365 653 435 ἐξ
676 364 762 425 αύτοΰ
789 301 872 441 ἔθιζε
899 364 945 422 καὶ

144 454 258 514 ἐνέτεινε
276 449 327 512 τόν
346 451 447 529 θρόνον
465 457 492 515 ἐς
512 452 562 512 τόν
579 453 642 525 ἵζων
659 452 774 524 ἐδίκαζε·
796 451 946 515 ἐντανύσας

143 543 173 600 δέ
194 539 211 601 ό
233 537 396 617 Καμβύσης
416 539 533 610 ἀπέδεξε
548 539 694 615 δικαστήν
715 539 785 600 εἶναι
808 537 870 600 ἀντὶ
894 543 946 600 τοῦ

145 628 300 706 Σισάμνεω,
320 625 371 688 τόν
391 626 557 692 ἀποκτείνας
572 627 708 706 ἀπέδειρε,
724 626 775 688 τόν
790 627 877 686 παῖδα
894 631 945 687 τοῦ

144 716 299 794 Σισάμνεω,
313 714 504 792 ἐντειλάμενός
516 718 543 776 οἱ
555 717 718 794 μεμνῆσθαι
732 720 761 777 ἐν
778 718 817 794 τῷ
830 715 945 786 κατίζων

144 803 232 884 θρόνῳ
246 803 359 875 δικάζει.
388 801 480 867 Οὗτος
494 803 530 864 ὧν
544 803 560 863 ό
573 803 692 880 Ὀτάνης
705 802 722 866 ό
735 803 992 886 ἐγκατιζόμενοςθθ

129 897 172 954 ιἐς
200 895 300 952 τοῦτον
326 890 376 951 τόν
409 891 517 968 θρόνον,
543 891 608 952 τότε
638 890 767 970 διάδοχος
795 889 943 972 γενόμενος

144 979 309 1060 Μεγαβάζῳ
321 982 372 1054 τῆς
391 979 572 1058 στρατηγίης,
586 979 754 1050 Βυζαντίους
771 1005 802 1039 τε
822 978 881 1038 εἷλε
900 979 945 1038 καὶ

144 1067 368 1146 Καλχηδονίους·
391 1065 449 1124 εἷλε
463 1065 493 1126 δὲ
500 1064 673 1144 Ἄντανδρον
686 1065 738 1142 τήν
748 1071 777 1126 ἐν
789 1069 825 1144 τῇ
838 1065 945 1142 Τρωάδι

143 1157 192 1234 γῇ·
214 1153 272 1212 εἷλε
290 1153 320 1212 δέ
338 1151 517 1229 Λαμπώνιον·
541 1153 644 1230 λαβών
664 1153 695 1213 δέ
714 1153 792 1230 παρά
811 1153 946 1229 Λεσβίων

144 1241 208 1304 νέας
221 1241 278 1300 εἷλε
291 1239 408 1318 Λῆμνόν
417 1265 448 1300 τε
459 1241 505 1300 καὶ
512 1239 644 1319 Ἴμβρον,
655 1239 819 1320 ἀμφοτέρας
832 1241 872 1302 ἔτι
881 1239 946 1302 τότε

143 1327 199 1388 ύπό
213 1332 375 1410 Πελασγῶν
391 1329 558 1407 οἰκεομένας.
601 1333 638 1390 Οἱ
650 1332 703 1408 μὲν
717 1330 750 1406 δή
763 1329 885 1408 Λήμνιοι
898 1331 991 1393 καὶ27

145 1417 321 1495 ἐμαχέσαντο
336 1415 365 1476 εὖ
379 1417 425 1477 καὶ
444 1416 613 1495 ἀμυνόμενοι
626 1417 679 1479 ἀνοὶ
691 1417 795 1498 χρόνον
808 1417 945 1495 ἐκακιόθη-

144 1527 209 1564 σαν·
228 1507 305 1565 τοῖσι
323 1505 353 1564 δέ
368 1509 512 1584 περιεοῦσι
533 1504 623 1566 αύτῶν
640 1509 667 1566 οἱ
684 1501 798 1584 Πέρσαι
816 1505 945 1586 ὕπαρχον

144 1595 278 1652 ἐπιστᾶσι
293 1592 465 1671 Λυκάρητον,
479 1592 532 1656 τόν
547 1593 723 1671 Μαιανδρίου
737 1597 788 1656 τοῦ
805 1592 943 1671 βασιλεύ-

144 1703 246 1743 σαντος
256 1678 354 1757 Σάμου
364 1679 513 1756 ἀδελφεόν.
542 1678 637 1762 (οὗτος
649 1681 666 1742 ό
679 1680 842 1760 Λυκάρητος
851 1679 946 1761 ἅρχων

144 1769 173 1825 ἐν
192 1766 296 1847 Λήμνῳ
311 1768 452 1850 τελευτᾷ.)
494 1770 568 1830 ἀἰτία
589 1769 620 1828 δέ
638 1768 740 1830 τούτου
759 1769 818 1846 ἥδε·
839 1768 946 1832 πάντας

142 1851 356 1932 ἠνδραποδίζετο
369 1856 416 1914 καὶ
430 1857 645 1933 κατεστρέφετο,
655 1855 720 1920 τούς
729 1859 781 1934 μὲν
791 1861 945 1933 λιποστρα

142 1941 203 2017 τίης
223 1941 269 2002 ἐπὶ
289 1942 399 2006 Σκύθας
418 1942 587 2019 αἰτιώμενος,
608 1943 674 2007 τούς
694 1943 724 2002 δέ
744 1943 875 2003 σίνεσθαι
896 1943 946 2012 τόν

144 2028 265 2105 Δαρείου
289 2027 412 2105 στρατόν
435 2027 492 2089 ἀπό
516 2029 644 2094 Σκυθέων
665 2029 757 2090 ὀπίσω
780 2029 946 2106 ἀποκομιζό-

142 2139 237 2192 μενον·
262 2113 343 2179 οὖτος
358 2117 411 2194 μέν
427 2141 475 2178 νυν
490 2120 619 2177 τοσαῦτα
635 2116 807 2199 ἐξεργάσατο
825 2142 945 2196 στρατη·

142 2201 245 2284 γρήσας.

184 2289 266 2352 Μετά
283 2291 321 2362 δέ,
336 2290 369 2375 ού
384 2290 497 2354 πολλόν
509 2291 613 2372 χρόνον
626 2289 722 2357 ἄνεσις
737 2296 828 2354 κακῶν
840 2292 883 2370 ἦν,
898 2294 945 2354 καὶ
954 2297 993 2354 28

142 2371 249 2458 ἤρχετο
258 2378 292 2440 τό
309 2379 436 2459 δεύτερον
449 2385 479 2440 ἐκ
496 2380 595 2450 Νάξου
607 2406 639 2442 τε
656 2379 703 2439 καὶ
718 2380 851 2458 Μιλήτου
864 2381 945 2442 Ἴωσι

142 2467 272 2546 γίνεσθαι
290 2467 371 2527 κακά.
405 2471 491 2530 τοῦτο
506 2471 559 2546 μέν
571 2467 627 2550 γάρ
640 2467 659 2544 ἦ
673 2468 770 2538 Νάξος
786 2468 945 2549 εὐδαιμονίῃ

142 2557 197 2614 τῶν
206 2554 299 2631 νήσων
308 2557 457 2634 προέφερε,
468 2559 551 2616 τοῦτο
564 2556 594 2616 δέ
608 2555 678 2630 κατά
687 2555 739 2617 τόν
749 2555 834 2618 αὐτόν
842 2557 946 2636 χρόνον

141 2639 162 2716 ή
179 2644 310 2720 Μίλητος
328 2642 399 2720 αύτή
414 2669 445 2704 τε
464 2645 565 2720 έοκντῆς
579 2642 709 2721 μάλιστα
724 2643 758 2720 δή
774 2644 840 2706 τότε
858 2643 945 2722 ἀκμά-

143 2753 230 2804 σασα,
246 2729 292 2788 καὶ
312 2730 411 2808 δήκαὶ
431 2734 482 2806 τῆς
494 2724 601 2808 Ἰωνίης
621 2730 656 2808 ἦν
675 2731 843 2812 πρόσχημα·
864 2729 945 2791 κατύ-

142 2817 228 2892 περθε
240 2815 270 2875 δὲ
279 2817 391 2888 τούτων,
403 2818 449 2878 ἐπὶ
462 2817 511 2877 δύο
524 2817 621 2900 γενεάς
633 2817 739 2896 ἀνδρῶν
752 2818 905 2894 νοσήσασα
918 2821 947 2881 ἐς
980 2823 982 2828 ’

142 2901 178 2960 τά
190 2901 319 2978 μάλιστα
332 2903 429 2975 στάσι,
443 2905 527 2984 μέχρι
541 2903 573 2964 οὗ
586 2931 635 2983 μιν
646 2905 751 2983 Πάριοι
764 2905 944 2985 κατήρτισαν·

143 2989 258 3053 τούτους
280 2991 336 3072 γάρ
360 2995 585 3070 καταρτιστῆρας
612 2997 642 3051 ἐκ
668 2991 779 3052 πάντων
801 2987 947 3061 Ἑλλήνων

143 3078 253 3140 εἴλοντο
267 3082 294 3140 οἱ
309 3078 461 3155 Μιλήσιοι.
495 3078 689 3156 Κατήλλαξαν
702 3079 734 3138 δέ
748 3071 907 3152 σφεαςῶδε
920 3072 947 3128 οἶ
960 3072 998 3126 29
1022 3115 1026 3123 ·

142 3165 257 3244 Πάριοι.
299 3167 335 3232 οἷς
358 3165 491 3227 ἀπίκοντο
512 3165 603 3227 αὐτῶν
624 3165 720 3242 ἄνδρες
740 3166 767 3221 οἱ
788 3158 900 3234 ἄριστοι
920 3159 948 3216 ἐς

143 3253 195 3328 τήν
212 3256 353 3333 Μίλητον,
368 3252 453 3331 ὥρεον
468 3253 524 3334 γάρ
540 3252 575 3328 δή
594 3257 688 3327 σφεας
705 3249 799 3307 δεινοῖς
817 3239 949 3312 οἶκθφθθ·
