2280 3432
156 102 298 167 loa-110]
477 101 630 172 ουνκυτκ.
908 103 955 150 του

137 181 259 260 Ιε’ςτήν
282 184 392 242 ἑωυτοῦ·
423 180 456 242 τό
480 181 605 242 ἐνθεῦτεν
628 180 658 240 δὲ
684 181 749 258 περὶ
776 181 825 255 τῆς
852 179 955 240 ἐκείνου

153 271 301 330 ποιέεσθαι
313 268 366 346 ἤδη
378 269 428 330 ’τόν
440 269 534 350 ἀγῶνα
544 270 662 328 ἐκέλευε.
691 266 793 344 ταότης
806 268 836 333 δὲ
847 268 956 347 εἴχοντο

153 363 205 434 τῆς
216 358 326 440 γνώμης
340 359 385 416 καὶ
404 359 641 433 Πελοποννησίων
653 361 708 417 τῶν
722 355 817 416 ἀλλων
831 359 857 416 οἶ
871 382 955 434 στρα-

153 447 244 527 τηγοί.
275 445 324 508 Ὡς
337 447 366 504 δὲ
381 447 464 523 ἔμαθε
478 444 521 506 ὅτι
535 445 567 505 οὕ
580 446 673 505 πείσει
685 443 749 506 τούς
761 470 795 524 γε
808 444 934 508 πολλοὺς
945 446 1000 504 109

151 533 258 595 πλώειν
271 540 298 598 ές
311 533 361 595 τάν
374 533 590 609 Ἑλλήσποντον
606 532 621 593 ὁ
639 532 858 609 Θεμιστοκλέης,
871 557 954 608 μετα-

152 621 253 697 βαλών
276 621 347 699 πρός
366 620 431 684 τούς
449 619 731 696 Ἀθηναίους-οὗτοι
751 619 806 700 γάρ
826 619 955 696 μάλιστα

154 707 364 788 ἐκπεφευγότων
382 708 587 784 περιημέκτεον,
602 707 723 785 ὁρμέατό
740 733 771 766 τε
785 712 812 770 ἐς
828 706 877 768 τάν
889 707 955 766 Ἑλ-

152 794 316 870 λήσποντον
328 793 432 854 πλώειν
446 795 491 853 καὶ
506 795 551 854 ἐπὶ
562 795 659 870 σφέων
670 795 758 854 αὐτῶν
767 795 955 872 βαλλόμενοι,

153 886 177 942 εἰ
191 879 280 942 ὧλλοι
292 880 332 960 μή
345 882 622 962 βουλοίατο-ἔλεγέ
635 887 690 958 σφι
700 880 775 940 τάδε·
791 891 808 916 “
816 882 863 940 καὶ
873 881 955 946 αὐτὰς

151 968 205 1046 ήδη
219 973 357 1030 πολλοῖσι
370 969 570 1050 παρεγενόμην,
585 969 632 1028 καὶ
644 972 744 1046 πολλῷ
757 969 834 1027 πλέω
848 967 955 1044 ἀκήκοα

152 1056 246 1116 τοιάδε
261 1057 402 1138 γενέσθαι·
423 1055 524 1134 ἀνδρας
537 1055 730 1138 ε’ςὶναγκαίην
746 1054 954 1131 ἀπειληθέντας,

152 1145 342 1223 νενικημένους
360 1144 559 1224 ἀναμάχεσθαί
572 1171 603 1205 τε
619 1145 665 1203 καὶ
679 1142 890 1220 ἀναλαμβάνειν
903 1143 955 1220 τήν

152 1234 289 1311 προτέρην
299 1232 447 1309 κακότητα·
460 1233 540 1309 ήμεῖς
553 1233 590 1302 δὲ,
605 1231 723 1312 (εὕρημα
735 1231 790 1312 γάρ
802 1230 954 1308 εάρήκαμεν

152 1319 240 1396 ἡμέας
258 1347 289 1380 τε
311 1320 409 1384 αὖτοῦς
432 1321 477 1379 καὶ
498 1319 549 1396 τήν
569 1319 704 1390 Ἑλλάδα,
728 1319 813 1396 νέφος
833 1323 954 1378 τοσοῦτο

153 1406 302 1486 ἀνθρώπων
325 1407 519 1488 ἀνωσάμενοι,)
540 1408 581 1486 μή
606 1407 743 1485 διώκωμεν
765 1405 865 1484 ἄνδρας
887 1406 953 1483 φεό-

152 1521 261 1575 γοντας·
288 1496 354 1557 τάδε
374 1496 428 1579 γὰρ
450 1496 499 1556 οὐκ
519 1497 599 1574 ήμεῖς
620 1495 859 1578 κατεργασάμεθα,
877 1494 954 1554 ἀλλά

153 1583 214 1643 θεοί
230 1610 261 1645 τε
282 1585 328 1644 καὶ
347 1584 440 1662 ἥρωες,
462 1585 489 1644 οἳ
509 1583 672 1663 ἐφθόνησαν
685 1584 770 1663 ἀνδρα
792 1584 838 1644 ἕνα
855 1588 906 1660 τῆς
922 1609 953 1644 τε

152 1669 250 1750 Ἀσίης
266 1675 312 1732 καὶ
328 1677 378 1750 τῆς
393 1673 529 1754 Εὐρώπης
546 1675 729 1750 βασιλεῦσαι,
745 1673 826 1734 ἐόντα
839 1671 954 1733 ἀνόσιόν

152 1784 183 1818 τε
196 1763 242 1820 καὶ
256 1761 429 1822 ἀτάσθαλον·
452 1761 482 1825 ὃς
495 1761 530 1822 τά
542 1789 574 1822 τε
588 1762 633 1838 ἷρά
648 1762 693 1820 καὶ
706 1761 741 1822 τά
756 1762 811 1821 ἴδια
825 1767 854 1820 έν
868 1760 954 1839 ὁμοίῳ

152 1849 283 1918 ἐποιέετο,
299 1849 436 1925 ἐμπιπράς
454 1875 485 1908 τε
504 1851 549 1906 καὶ
563 1849 753 1924 καταβάλλων
766 1853 822 1908 τῶν
837 1849 906 1908 θεῶν
918 1848 954 1908 τά

152 1931 312 2014 ἀγάλματα·
340 1935 370 1996 ὃς
391 1936 437 1993 καὶ
461 1933 514 2010 τήν
549 1935 700 1994 θάλασσαν
734 1934 953 2014 ἀπεμαστίγωσε

153 2020 237 2082 πέδας
256 2048 287 2080 τε
308 2025 416 2096 κατῆκε.
460 2020 525 2080 ἀλλ’
547 2021 575 2079 εὖ
595 2020 651 2102 γάρ
673 2023 730 2098 ἔχει
751 2026 778 2084 ές
797 2021 831 2080 τὸ
849 2021 953 2098 παρεόν

152 2106 227 2184 ἡμῖν,
242 2112 291 2169 νῦν
303 2111 356 2186 μὲν
370 2113 398 2168 ε’ν
411 2107 576 2187 τῇἙλλάδι
590 2109 805 2184 καταμείναντας
817 2107 909 2184 ήμέων
921 2135 952 2168 τε

152 2195 241 2257 αάτῶν
255 2197 456 2274 ἐπιμεληθῆναι
470 2195 516 2254 καὶ
528 2200 584 2256 τῶν
597 2197 731 2255 οἰκετέων·
753 2197 801 2254 καί
810 2221 852 2258 τις
866 2197 953 2272 οἰκίην

151 2311 182 2345 τε
203 2284 418 2347 ἀναπλασάσθω
440 2284 487 2343 καὶ
508 2283 616 2362 σπόρου
639 2283 745 2348 ἀνακῶς
772 2285 864 2364 ἐχέτω,
886 2311 953 2346 παν-

151 2376 252 2439 τελέως
272 2374 418 2436 ἀπελάσας
437 2373 487 2434 τόν
512 2372 673 2452 βάρβαρον·
705 2371 763 2450 ἅμα
785 2374 815 2432 δὲ
835 2377 874 2453 τῷ
894 2375 953 2452 ἔαρι

153 2465 351 2542 καταπλέωμεν
365 2464 410 2522 ε’πὶ
423 2460 639 2538 Ἑλλησπόντου
653 2462 699 2521 καὶ
708 2461 837 2538 Ἰωνίης.”
865 2467 953 2523 ταῦτα

153 2549 232 2629 ἔλεγε
250 2549 394 2628 ἀποθήκην
411 2553 525 2631 μέλλων
538 2549 710 2627 ποιήσεσθαι
724 2555 751 2614 ές
764 2551 814 2610 τόν
827 2550 952 2629 Πέρσεα·

153 2635 205 2705 ἵνα,
230 2635 264 2713 ἢν
287 2638 341 2715 ἄρα
358 2641 388 2700 τί
406 2665 455 2717 μιν
478 2637 684 2718 καταλαμβάνῃ
711 2638 781 2716 πρὸς
800 2638 954 2716 Ἀθηναίων

151 2721 249 2796 πάθος,
265 2725 315 2804 ἔχη
328 2725 526 2804 ἀποστροφήν·
547 2726 636 2804 τάπερ
649 2725 686 2786 ὦν
700 2727 745 2785 καὶ
759 2726 874 2808 ἐγένετο.

193 2814 402 2889 Θεμιστοκλέης
414 2818 465 2890 μὲν
477 2819 565 2874 ταῦτα
578 2815 668 2895 λέγων
682 2814 829 2890 διέβαλλε·
849 2813 931 2889 Ἀθη·
943 2815 999 2872 110

152 2901 225 2958 ναῖοι
242 2899 272 2958 δὲ
291 2901 443 2960 ἐπείθοντο·
464 2901 557 2977 ἐπειδὴ
570 2901 635 2981 γάρ,
651 2901 696 2960 καὶ
709 2901 845 2978 πρότερον
859 2901 952 2982 δεδογ-

151 2984 234 3064 μένος
248 2986 317 3046 εἶναι
330 2988 430 3064 σοφός,
445 2989 536 3065 ἐφάνη
555 2989 606 3048 ε’ών
619 2989 743 3064 ἀληθέως
757 2987 850 3064 σοφός
862 3014 893 3047 τε
908 2989 954 3046 καὶ

151 3072 297 3151 εὔβουλος,
319 3075 428 3140 πάντως
447 3080 552 3153 ἑτοῖμοι
571 3075 648 3150 ἦσαν
666 3076 778 3156 λέγοντι
795 3075 953 3136 πείθεσθαι.

150 3162 186 3228 ώς
212 3163 242 3224 δὲ
269 3163 348 3226 οὗτοί
368 3168 395 3225 οἱ
419 3163 623 3246 ἀνεγνωσμένοι
647 3163 729 3241 ἦσαν,
757 3162 855 3225 αὐτίκα
881 3165 953 3241 μετά

149 3256 237 3313 ταῦτα
263 3253 280 3314 ό
307 3254 517 3333 Θεμιστοκλέης
544 3251 644 3329 ἀνδρας
664 3251 812 3331 ἀπέπεμπε
839 3254 953 3334 ἔχοντας
