<?xml version="1.0" encoding="UTF-8"?>
<!DOCTYPE html PUBLIC "-//W3C//DTD XHTML 1.0 Transitional//EN"
    "http://www.w3.org/TR/xhtml1/DTD/xhtml1-transitional.dtd">
<html xmlns="http://www.w3.org/1999/xhtml" xml:lang="en" lang="en">
 <head>
  <title>
</title>
<meta http-equiv="Content-Type" content="text/html;charset=utf-8" />
  <meta name='ocr-system' content='tesseract 3.04.00' />
  <meta name='ocr-capabilities' content='ocr_page ocr_carea ocr_par ocr_line ocrx_word'/>
</head>
<body>
  <div class='ocr_page' id='page_1' title='image "./herodotusrecens01blakgoog_0176.png"; bbox 0 0 2294 3430; ppageno 0'>
   <div class='ocr_carea' id='block_1_1' title="bbox 124 107 1034 3225">
    <p class='ocr_par' dir='ltr' id='par_1_1' title="bbox 124 107 1034 3225">
     <span class='ocr_line' id='line_1_1' title="bbox 189 107 987 172; baseline -0.006 -13"><span class='ocrx_word' id='word_1_1' title='bbox 189 109 328 172; x_wconf 83' lang='lat'>107—112]</span> <span class='ocrx_word' id='word_1_2' title='bbox 523 107 709 158; x_wconf 76' lang='grc' dir='ltr'>αοαυιιιιικ.</span> <span class='ocrx_word' id='word_1_3' title='bbox 940 111 987 156; x_wconf 78' lang='grc' dir='ltr'>ιιι</span> 
     </span>
     <span class='ocr_line' id='line_1_2' title="bbox 187 185 989 266; baseline 0 -20"><span class='ocrx_word' id='word_1_4' title='bbox 187 188 217 247; x_wconf 85' lang='grc' dir='ltr'>δὲ</span> <span class='ocrx_word' id='word_1_5' title='bbox 235 187 312 266; x_wconf 90' lang='grc' dir='ltr'>χώρη</span> <span class='ocrx_word' id='word_1_6' title='bbox 326 187 395 264; x_wconf 84' lang='grc' dir='ltr'>αῦτη</span> <span class='ocrx_word' id='word_1_7' title='bbox 411 186 501 247; x_wconf 79' lang='grc' dir='ltr'>πάλαι</span> <span class='ocrx_word' id='word_1_8' title='bbox 518 190 570 264; x_wconf 83' lang='grc' dir='ltr'>μὲν</span> <span class='ocrx_word' id='word_1_9' title='bbox 589 188 718 248; x_wconf 79' lang='grc' dir='ltr'>ἐκαλέετο</span> <span class='ocrx_word' id='word_1_10' title='bbox 737 185 884 264; x_wconf 81' lang='grc' dir='ltr'>Γαλλαϊκή</span> <span class='ocrx_word' id='word_1_11' title='bbox 897 189 945 248; x_wconf 88' lang='grc' dir='ltr'>νῦν</span> <span class='ocrx_word' id='word_1_12' title='bbox 960 188 989 248; x_wconf 81' lang='grc' dir='ltr'>δὲ</span> 
     </span>
     <span class='ocr_line' id='line_1_3' title="bbox 188 273 988 354; baseline 0.003 -22"><span class='ocrx_word' id='word_1_13' title='bbox 188 273 347 350; x_wconf 83' lang='grc' dir='ltr'>Βριαντική·</span> <span class='ocrx_word' id='word_1_14' title='bbox 364 275 425 335; x_wconf 81' lang='grc' dir='ltr'>ἔστι</span> <span class='ocrx_word' id='word_1_15' title='bbox 438 275 532 352; x_wconf 87' lang='grc' dir='ltr'>μέντοι</span> <span class='ocrx_word' id='word_1_16' title='bbox 545 277 584 354; x_wconf 78' lang='grc' dir='ltr'>τῷ</span> <span class='ocrx_word' id='word_1_17' title='bbox 597 274 760 354; x_wconf 79' lang='grc' dir='ltr'>δικαιοτάτῳ</span> <span class='ocrx_word' id='word_1_18' title='bbox 769 279 824 334; x_wconf 79' lang='grc' dir='ltr'>τῶν</span> <span class='ocrx_word' id='word_1_19' title='bbox 837 273 929 354; x_wconf 87' lang='grc' dir='ltr'>λόγων</span> <span class='ocrx_word' id='word_1_20' title='bbox 943 274 988 334; x_wconf 84' lang='grc' dir='ltr'>καὶ</span> 
     </span>
     <span class='ocr_line' id='line_1_4' title="bbox 188 359 1034 440; baseline 0 -20"><span class='ocrx_word' id='word_1_21' title='bbox 188 359 257 436; x_wconf 82' lang='grc' dir='ltr'>αὕτη</span> <span class='ocrx_word' id='word_1_22' title='bbox 279 361 413 423; x_wconf 85' lang='grc' dir='ltr'>Κικόνων.</span> <span class='ocrx_word' id='word_1_23' title='bbox 430 359 436 374; x_wconf 79' lang='grc'><strong><em>’</em></strong></span> <span class='ocrx_word' id='word_1_24' title='bbox 456 362 568 438; x_wconf 76' lang='grc' dir='ltr'>Διαβεῖς</span> <span class='ocrx_word' id='word_1_25' title='bbox 586 363 615 420; x_wconf 85' lang='grc' dir='ltr'>δὲ</span> <span class='ocrx_word' id='word_1_26' title='bbox 636 367 686 422; x_wconf 88' lang='grc' dir='ltr'>τοῦ</span> <span class='ocrx_word' id='word_1_27' title='bbox 706 362 820 420; x_wconf 89' lang='grc' dir='ltr'>Λίσσου</span> <span class='ocrx_word' id='word_1_28' title='bbox 840 367 968 440; x_wconf 81' lang='grc' dir='ltr'>ποταμοῦ</span> <span class='ocrx_word' id='word_1_29' title='bbox 981 364 1034 421; x_wconf 84' lang='grc'>109</span> 
     </span>
     <span class='ocr_line' id='line_1_5' title="bbox 187 447 987 527; baseline 0 -19"><span class='ocrx_word' id='word_1_30' title='bbox 187 447 220 508; x_wconf 80' lang='grc' dir='ltr'>τό</span> <span class='ocrx_word' id='word_1_31' title='bbox 237 449 350 526; x_wconf 75' lang='grc' dir='ltr'>ῥέεθρον</span> <span class='ocrx_word' id='word_1_32' title='bbox 363 449 604 527; x_wconf 83' lang='grc' dir='ltr'>οἷποξηρασμένον,</span> <span class='ocrx_word' id='word_1_33' title='bbox 617 450 700 514; x_wconf 87' lang='grc' dir='ltr'>πόλις</span> <span class='ocrx_word' id='word_1_34' title='bbox 716 449 882 525; x_wconf 86' lang='grc' dir='ltr'>Ἑλληνίδας</span> <span class='ocrx_word' id='word_1_35' title='bbox 901 448 987 510; x_wconf 81' lang='grc' dir='ltr'>τάσδε</span> 
     </span>
     <span class='ocr_line' id='line_1_6' title="bbox 186 535 987 615; baseline 0.005 -20"><span class='ocrx_word' id='word_1_36' title='bbox 186 539 388 615; x_wconf 85' lang='grc' dir='ltr'>παραμείβετο·</span> <span class='ocrx_word' id='word_1_37' title='bbox 407 537 579 614; x_wconf 75' lang='grc' dir='ltr'>Μαρώνειαν,</span> <span class='ocrx_word' id='word_1_38' title='bbox 592 539 717 610; x_wconf 88' lang='grc' dir='ltr'>Δίκαιαν,</span> <span class='ocrx_word' id='word_1_39' title='bbox 727 535 870 614; x_wconf 79' lang='grc' dir='ltr'>Ἄβδηρα·</span> <span class='ocrx_word' id='word_1_40' title='bbox 885 537 987 600; x_wconf 79' lang='grc' dir='ltr'>ταύτας</span> 
     </span>
     <span class='ocr_line' id='line_1_7' title="bbox 186 623 985 702; baseline 0.003 -20"><span class='ocrx_word' id='word_1_41' title='bbox 186 650 217 684; x_wconf 90' lang='grc' dir='ltr'>τε</span> <span class='ocrx_word' id='word_1_42' title='bbox 235 624 269 700; x_wconf 87' lang='grc' dir='ltr'>δή</span> <span class='ocrx_word' id='word_1_43' title='bbox 283 624 422 701; x_wconf 75' lang='grc' dir='ltr'>παρεξήιε,</span> <span class='ocrx_word' id='word_1_44' title='bbox 438 626 484 684; x_wconf 89' lang='grc' dir='ltr'>καὶ</span> <span class='ocrx_word' id='word_1_45' title='bbox 499 625 570 684; x_wconf 80' lang='grc' dir='ltr'>κατιῖ</span> <span class='ocrx_word' id='word_1_46' title='bbox 583 625 684 688; x_wconf 83' lang='grc' dir='ltr'>ταύτας</span> <span class='ocrx_word' id='word_1_47' title='bbox 698 625 735 698; x_wconf 87' lang='grc' dir='ltr'>δέ,</span> <span class='ocrx_word' id='word_1_48' title='bbox 751 625 852 701; x_wconf 83' lang='grc' dir='ltr'>λίμνας</span> <span class='ocrx_word' id='word_1_49' title='bbox 864 623 985 702; x_wconf 82' lang='grc' dir='ltr'>ὀνομασ-</span> 
     </span>
     <span class='ocr_line' id='line_1_8' title="bbox 186 709 987 788; baseline 0.005 -18"><span class='ocrx_word' id='word_1_50' title='bbox 186 710 237 774; x_wconf 79' lang='grc' dir='ltr'>τιῖς</span> <span class='ocrx_word' id='word_1_51' title='bbox 261 711 358 771; x_wconf 77' lang='grc' dir='ltr'>τάσδε·</span> <span class='ocrx_word' id='word_1_52' title='bbox 389 712 553 788; x_wconf 79' lang='grc' dir='ltr'>Μαρωνείης</span> <span class='ocrx_word' id='word_1_53' title='bbox 579 714 631 788; x_wconf 79' lang='grc' dir='ltr'>μὲν</span> <span class='ocrx_word' id='word_1_54' title='bbox 656 711 760 788; x_wconf 76' lang='grc' dir='ltr'>μεταξῖ</span> <span class='ocrx_word' id='word_1_55' title='bbox 787 713 833 770; x_wconf 87' lang='grc' dir='ltr'>καὶ</span> <span class='ocrx_word' id='word_1_56' title='bbox 859 709 987 788; x_wconf 77' lang='grc' dir='ltr'>Στρύμης</span> 
     </span>
     <span class='ocr_line' id='line_1_9' title="bbox 124 797 988 878; baseline 0.002 -22"><span class='ocrx_word' id='word_1_57' title='bbox 124 858 139 878; x_wconf 54' lang='grc'><strong>.</strong></span> <span class='ocrx_word' id='word_1_58' title='bbox 187 798 314 874; x_wconf 75' lang='grc' dir='ltr'>κειμένην</span> <span class='ocrx_word' id='word_1_59' title='bbox 328 797 486 874; x_wconf 85' lang='grc' dir='ltr'>Ἰσμαρίδα·</span> <span class='ocrx_word' id='word_1_60' title='bbox 508 797 579 858; x_wconf 82' lang='grc' dir='ltr'>κατιῖ</span> <span class='ocrx_word' id='word_1_61' title='bbox 598 798 627 856; x_wconf 83' lang='grc' dir='ltr'>δέ</span> <span class='ocrx_word' id='word_1_62' title='bbox 644 799 769 868; x_wconf 88' lang='grc' dir='ltr'>Δίκαιαν,</span> <span class='ocrx_word' id='word_1_63' title='bbox 786 799 945 868; x_wconf 86' lang='grc' dir='ltr'>Βιστονίδα,</span> <span class='ocrx_word' id='word_1_64' title='bbox 960 803 988 862; x_wconf 88' lang='grc' dir='ltr'>ἐς</span> 
     </span>
     <span class='ocr_line' id='line_1_10' title="bbox 186 883 987 962; baseline 0 -18"><span class='ocrx_word' id='word_1_65' title='bbox 186 884 239 960; x_wconf 82' lang='grc' dir='ltr'>τήν</span> <span class='ocrx_word' id='word_1_66' title='bbox 260 886 383 962; x_wconf 87' lang='grc' dir='ltr'>ποταμοὶ</span> <span class='ocrx_word' id='word_1_67' title='bbox 406 884 455 943; x_wconf 79' lang='grc' dir='ltr'>δύο</span> <span class='ocrx_word' id='word_1_68' title='bbox 479 889 582 944; x_wconf 80' lang='grc' dir='ltr'>ἐσιεῖσι</span> <span class='ocrx_word' id='word_1_69' title='bbox 604 884 637 944; x_wconf 79' lang='grc' dir='ltr'>τό</span> <span class='ocrx_word' id='word_1_70' title='bbox 658 883 737 960; x_wconf 83' lang='grc' dir='ltr'>ὕδωρ,</span> <span class='ocrx_word' id='word_1_71' title='bbox 761 883 867 960; x_wconf 79' lang='grc' dir='ltr'>Τραῦός</span> <span class='ocrx_word' id='word_1_72' title='bbox 889 911 920 944; x_wconf 88' lang='grc' dir='ltr'>τε</span> <span class='ocrx_word' id='word_1_73' title='bbox 941 887 987 945; x_wconf 81' lang='grc' dir='ltr'>καὶ</span> 
     </span>
     <span class='ocr_line' id='line_1_11' title="bbox 187 969 987 1050; baseline -0.001 -18"><span class='ocrx_word' id='word_1_74' title='bbox 187 971 353 1050; x_wconf 76' lang='grc' dir='ltr'>Κόμψατος·</span> <span class='ocrx_word' id='word_1_75' title='bbox 375 971 445 1030; x_wconf 86' lang='grc' dir='ltr'>κατοὶ</span> <span class='ocrx_word' id='word_1_76' title='bbox 464 971 494 1030; x_wconf 83' lang='grc' dir='ltr'>δὲ</span> <span class='ocrx_word' id='word_1_77' title='bbox 509 970 651 1047; x_wconf 76' lang='grc' dir='ltr'>Ἄβδηρα,</span> <span class='ocrx_word' id='word_1_78' title='bbox 670 971 772 1047; x_wconf 90' lang='grc' dir='ltr'>λίμνην</span> <span class='ocrx_word' id='word_1_79' title='bbox 789 973 841 1047; x_wconf 78' lang='grc' dir='ltr'>μὲν</span> <span class='ocrx_word' id='word_1_80' title='bbox 858 969 987 1048; x_wconf 79' lang='grc' dir='ltr'>οὐδεμίαν</span> 
     </span>
     <span class='ocr_line' id='line_1_12' title="bbox 187 1056 988 1136; baseline 0.004 -20"><span class='ocrx_word' id='word_1_81' title='bbox 187 1062 290 1118; x_wconf 90' lang='grc' dir='ltr'>ἐοῦσαν</span> <span class='ocrx_word' id='word_1_82' title='bbox 311 1057 489 1135; x_wconf 78' lang='grc' dir='ltr'>οὖνομαστήν</span> <span class='ocrx_word' id='word_1_83' title='bbox 509 1058 706 1135; x_wconf 80' lang='grc' dir='ltr'>παραμείψατο</span> <span class='ocrx_word' id='word_1_84' title='bbox 727 1057 840 1134; x_wconf 78' lang='grc' dir='ltr'>Ξέρξης,</span> <span class='ocrx_word' id='word_1_85' title='bbox 860 1056 988 1136; x_wconf 82' lang='grc' dir='ltr'>ποταμόν</span> 
     </span>
     <span class='ocr_line' id='line_1_13' title="bbox 186 1144 988 1223; baseline -0.001 -18"><span class='ocrx_word' id='word_1_86' title='bbox 186 1145 216 1204; x_wconf 87' lang='grc' dir='ltr'>δέ</span> <span class='ocrx_word' id='word_1_87' title='bbox 240 1147 353 1206; x_wconf 83' lang='grc' dir='ltr'>Νέστον</span> <span class='ocrx_word' id='word_1_88' title='bbox 373 1145 472 1222; x_wconf 78' lang='grc' dir='ltr'>ῥέοντα</span> <span class='ocrx_word' id='word_1_89' title='bbox 493 1151 520 1210; x_wconf 86' lang='grc' dir='ltr'>ἐς</span> <span class='ocrx_word' id='word_1_90' title='bbox 544 1145 705 1206; x_wconf 78' lang='grc' dir='ltr'>θάλασσαν.</span> <span class='ocrx_word' id='word_1_91' title='bbox 745 1144 816 1223; x_wconf 84' lang='grc' dir='ltr'>μετοὶ</span> <span class='ocrx_word' id='word_1_92' title='bbox 837 1145 866 1204; x_wconf 85' lang='grc' dir='ltr'>δὲ</span> <span class='ocrx_word' id='word_1_93' title='bbox 886 1144 988 1210; x_wconf 81' lang='grc' dir='ltr'>ταύτας</span> 
     </span>
     <span class='ocr_line' id='line_1_14' title="bbox 186 1231 987 1312; baseline 0.004 -21"><span class='ocrx_word' id='word_1_94' title='bbox 186 1233 237 1297; x_wconf 83' lang='grc' dir='ltr'>ταὶς</span> <span class='ocrx_word' id='word_1_95' title='bbox 255 1233 348 1312; x_wconf 90' lang='grc' dir='ltr'>χώρας</span> <span class='ocrx_word' id='word_1_96' title='bbox 368 1233 417 1294; x_wconf 77' lang='grc' dir='ltr'>ἰών</span> <span class='ocrx_word' id='word_1_97' title='bbox 431 1233 481 1298; x_wconf 71' lang='grc' dir='ltr'>τός</span> <span class='ocrx_word' id='word_1_98' title='bbox 500 1231 681 1311; x_wconf 79' lang='grc' dir='ltr'>ἠπειρώτιδας</span> <span class='ocrx_word' id='word_1_99' title='bbox 699 1231 783 1296; x_wconf 84' lang='grc' dir='ltr'>πόλις</span> <span class='ocrx_word' id='word_1_100' title='bbox 802 1231 912 1310; x_wconf 89' lang='grc' dir='ltr'>παρήῖε·</span> <span class='ocrx_word' id='word_1_101' title='bbox 932 1237 987 1294; x_wconf 81' lang='grc' dir='ltr'>τῶν</span> 
     </span>
     <span class='ocr_line' id='line_1_15' title="bbox 186 1319 987 1402; baseline 0.001 -21"><span class='ocrx_word' id='word_1_102' title='bbox 186 1325 216 1382; x_wconf 86' lang='grc' dir='ltr'>ἐν</span> <span class='ocrx_word' id='word_1_103' title='bbox 225 1325 277 1400; x_wconf 75' lang='grc' dir='ltr'>μιῇ</span> <span class='ocrx_word' id='word_1_104' title='bbox 286 1322 372 1398; x_wconf 88' lang='grc' dir='ltr'>λίμνη</span> <span class='ocrx_word' id='word_1_105' title='bbox 387 1325 473 1381; x_wconf 81' lang='grc' dir='ltr'>ἐοῦσα</span> <span class='ocrx_word' id='word_1_106' title='bbox 485 1320 616 1402; x_wconf 76' lang='grc' dir='ltr'>πιγχόνει</span> <span class='ocrx_word' id='word_1_107' title='bbox 630 1319 697 1380; x_wconf 83' lang='grc' dir='ltr'>ώσεὶ</span> <span class='ocrx_word' id='word_1_108' title='bbox 708 1319 856 1398; x_wconf 83' lang='grc' dir='ltr'>τριήκοντα</span> <span class='ocrx_word' id='word_1_109' title='bbox 867 1320 987 1382; x_wconf 91' lang='grc' dir='ltr'>σταδίων</span> 
     </span>
     <span class='ocr_line' id='line_1_16' title="bbox 185 1406 987 1488; baseline -0.001 -20"><span class='ocrx_word' id='word_1_110' title='bbox 185 1408 314 1485; x_wconf 81' lang='grc' dir='ltr'>μα’λιστό</span> <span class='ocrx_word' id='word_1_111' title='bbox 336 1435 370 1485; x_wconf 93' lang='grc' dir='ltr'>κη</span> <span class='ocrx_word' id='word_1_112' title='bbox 390 1409 442 1485; x_wconf 87' lang='grc' dir='ltr'>τήν</span> <span class='ocrx_word' id='word_1_113' title='bbox 462 1409 600 1486; x_wconf 87' lang='grc' dir='ltr'>περίοδον,</span> <span class='ocrx_word' id='word_1_114' title='bbox 622 1406 756 1488; x_wconf 79' lang='grc' dir='ltr'>ἰχθυώδης</span> <span class='ocrx_word' id='word_1_115' title='bbox 775 1433 806 1468; x_wconf 94' lang='grc' dir='ltr'>τε</span> <span class='ocrx_word' id='word_1_116' title='bbox 829 1409 876 1467; x_wconf 88' lang='grc' dir='ltr'>καὶ</span> <span class='ocrx_word' id='word_1_117' title='bbox 899 1406 987 1485; x_wconf 84' lang='grc' dir='ltr'>κόρτα</span> 
     </span>
     <span class='ocr_line' id='line_1_17' title="bbox 184 1494 985 1578; baseline 0.001 -23"><span class='ocrx_word' id='word_1_118' title='bbox 184 1496 307 1574; x_wconf 74' lang='grc' dir='ltr'>ἁλμυρή·</span> <span class='ocrx_word' id='word_1_119' title='bbox 327 1496 431 1573; x_wconf 72' lang='grc' dir='ltr'>ταύτην</span> <span class='ocrx_word' id='word_1_120' title='bbox 446 1497 481 1556; x_wconf 70' lang='grc' dir='ltr'>τό</span> <span class='ocrx_word' id='word_1_121' title='bbox 499 1496 635 1578; x_wconf 75' lang='grc' dir='ltr'>ὑποζύγια</span> <span class='ocrx_word' id='word_1_122' title='bbox 650 1500 740 1574; x_wconf 89' lang='grc' dir='ltr'>μοῦνα</span> <span class='ocrx_word' id='word_1_123' title='bbox 756 1494 895 1573; x_wconf 86' lang='grc' dir='ltr'>οἶρδόμενα</span> <span class='ocrx_word' id='word_1_124' title='bbox 909 1494 985 1566; x_wconf 80' lang='grc' dir='ltr'>α’νεξ-</span> 
     </span>
     <span class='ocr_line' id='line_1_18' title="bbox 184 1582 985 1663; baseline 0.001 -19"><span class='ocrx_word' id='word_1_125' title='bbox 184 1582 278 1662; x_wconf 85' lang='grc' dir='ltr'>ήρηνε·</span> <span class='ocrx_word' id='word_1_126' title='bbox 306 1587 343 1663; x_wconf 78' lang='grc' dir='ltr'>τῇ</span> <span class='ocrx_word' id='word_1_127' title='bbox 366 1584 396 1644; x_wconf 83' lang='grc' dir='ltr'>δέ</span> <span class='ocrx_word' id='word_1_128' title='bbox 418 1583 487 1645; x_wconf 89' lang='grc' dir='ltr'>πόλι</span> <span class='ocrx_word' id='word_1_129' title='bbox 510 1584 597 1663; x_wconf 79' lang='grc' dir='ltr'>ταύτῃ</span> <span class='ocrx_word' id='word_1_130' title='bbox 619 1582 723 1661; x_wconf 81' lang='grc' dir='ltr'>οῦνομό</span> <span class='ocrx_word' id='word_1_131' title='bbox 747 1589 809 1643; x_wconf 90' lang='grc' dir='ltr'>ἐστι</span> <span class='ocrx_word' id='word_1_132' title='bbox 833 1584 985 1661; x_wconf 83' lang='grc' dir='ltr'>Πίστυρος·</span> 
     </span>
     <span class='ocr_line' id='line_1_19' title="bbox 183 1670 986 1750; baseline 0 -22"><span class='ocrx_word' id='word_1_133' title='bbox 183 1671 285 1734; x_wconf 78' lang='grc' dir='ltr'>ταύτας</span> <span class='ocrx_word' id='word_1_134' title='bbox 296 1673 349 1747; x_wconf 81' lang='grc' dir='ltr'>μὲν</span> <span class='ocrx_word' id='word_1_135' title='bbox 362 1670 396 1746; x_wconf 86' lang='grc' dir='ltr'>δή</span> <span class='ocrx_word' id='word_1_136' title='bbox 409 1671 459 1734; x_wconf 75' lang='grc' dir='ltr'>τός</span> <span class='ocrx_word' id='word_1_137' title='bbox 471 1671 562 1741; x_wconf 85' lang='grc' dir='ltr'>πόλις,</span> <span class='ocrx_word' id='word_1_138' title='bbox 577 1670 627 1734; x_wconf 81' lang='grc' dir='ltr'>τοῖς</span> <span class='ocrx_word' id='word_1_139' title='bbox 642 1671 880 1750; x_wconf 84' lang='grc' dir='ltr'>παραθαλασσίας</span> <span class='ocrx_word' id='word_1_140' title='bbox 894 1696 926 1730; x_wconf 88' lang='grc' dir='ltr'>τε</span> <span class='ocrx_word' id='word_1_141' title='bbox 940 1670 986 1729; x_wconf 83' lang='grc' dir='ltr'>καὶ</span> 
     </span>
     <span class='ocr_line' id='line_1_20' title="bbox 183 1756 985 1842; baseline 0 -26"><span class='ocrx_word' id='word_1_142' title='bbox 183 1756 360 1834; x_wconf 83' lang='grc' dir='ltr'>Ἑλληνίδας,</span> <span class='ocrx_word' id='word_1_143' title='bbox 377 1759 408 1828; x_wconf 81' lang='grc' dir='ltr'>ἐξ</span> <span class='ocrx_word' id='word_1_144' title='bbox 427 1757 565 1842; x_wconf 80' lang='grc' dir='ltr'>εὖωνήμου</span> <span class='ocrx_word' id='word_1_145' title='bbox 584 1759 678 1836; x_wconf 84' lang='grc' dir='ltr'>χειρός</span> <span class='ocrx_word' id='word_1_146' title='bbox 697 1757 825 1837; x_wconf 85' lang='grc' dir='ltr'>α’πέργων</span> <span class='ocrx_word' id='word_1_147' title='bbox 844 1757 985 1834; x_wconf 81' lang='grc' dir='ltr'>παρεξήῖε.</span> 
     </span>
     <span class='ocr_line' id='line_1_21' title="bbox 181 1837 1033 1923; baseline 0 -19"><span class='ocrx_word' id='word_1_148' title='bbox 181 1837 285 1904; x_wconf 84' lang='grc' dir='ltr'>Ἔθνεα</span> <span class='ocrx_word' id='word_1_149' title='bbox 297 1845 327 1904; x_wconf 83' lang='grc' dir='ltr'>δὲ</span> <span class='ocrx_word' id='word_1_150' title='bbox 341 1845 473 1920; x_wconf 79' lang='grc' dir='ltr'>Θρηίκων,</span> <span class='ocrx_word' id='word_1_151' title='bbox 488 1845 521 1904; x_wconf 90' lang='grc' dir='ltr'>δι’</span> <span class='ocrx_word' id='word_1_152' title='bbox 535 1842 573 1904; x_wconf 76' lang='grc' dir='ltr'>ὧν</span> <span class='ocrx_word' id='word_1_153' title='bbox 585 1849 636 1921; x_wconf 79' lang='grc' dir='ltr'>τῆς</span> <span class='ocrx_word' id='word_1_154' title='bbox 651 1845 742 1923; x_wconf 85' lang='grc' dir='ltr'>χώρης</span> <span class='ocrx_word' id='word_1_155' title='bbox 755 1844 820 1904; x_wconf 80' lang='grc' dir='ltr'>ὁδόν</span> <span class='ocrx_word' id='word_1_156' title='bbox 834 1845 964 1915; x_wconf 87' lang='grc' dir='ltr'>ἐποιέετο,</span> <span class='ocrx_word' id='word_1_157' title='bbox 976 1847 1033 1904; x_wconf 86' lang='grc'>110</span> 
     </span>
     <span class='ocr_line' id='line_1_22' title="bbox 184 1931 984 2010; baseline 0 -20"><span class='ocrx_word' id='word_1_158' title='bbox 184 1931 298 1990; x_wconf 84' lang='grc' dir='ltr'>τοσοίδε·</span> <span class='ocrx_word' id='word_1_159' title='bbox 319 1934 430 2001; x_wconf 86' lang='grc' dir='ltr'>Παῖτοι,</span> <span class='ocrx_word' id='word_1_160' title='bbox 453 1932 577 2001; x_wconf 86' lang='grc' dir='ltr'>Κίκονες,</span> <span class='ocrx_word' id='word_1_161' title='bbox 600 1933 740 2004; x_wconf 88' lang='grc' dir='ltr'>Βίστονες,</span> <span class='ocrx_word' id='word_1_162' title='bbox 765 1932 893 2004; x_wconf 79' lang='grc' dir='ltr'>Σαπαῖοι,</span> <span class='ocrx_word' id='word_1_163' title='bbox 916 1938 984 2010; x_wconf 78' lang='grc' dir='ltr'>Δερ</span> 
     </span>
     <span class='ocr_line' id='line_1_23' title="bbox 185 2016 984 2096; baseline 0.003 -20"><span class='ocrx_word' id='word_1_164' title='bbox 185 2021 272 2087; x_wconf 84' lang='grc' dir='ltr'>σαῖσι,</span> <span class='ocrx_word' id='word_1_165' title='bbox 285 2016 411 2089; x_wconf 81' lang='grc' dir='ltr'>Ἠδωνοὶ,</span> <span class='ocrx_word' id='word_1_166' title='bbox 426 2016 541 2092; x_wconf 73' lang='grc' dir='ltr'>Σάτραι·</span> <span class='ocrx_word' id='word_1_167' title='bbox 562 2016 666 2076; x_wconf 79' lang='grc' dir='ltr'>τούτων</span> <span class='ocrx_word' id='word_1_168' title='bbox 679 2021 706 2077; x_wconf 80' lang='grc' dir='ltr'>οἱ</span> <span class='ocrx_word' id='word_1_169' title='bbox 720 2020 772 2095; x_wconf 79' lang='grc' dir='ltr'>μὲν</span> <span class='ocrx_word' id='word_1_170' title='bbox 785 2017 862 2094; x_wconf 71' lang='grc' dir='ltr'>παρα</span> <span class='ocrx_word' id='word_1_171' title='bbox 878 2016 984 2096; x_wconf 79' lang='grc' dir='ltr'>θάλασ·</span> 
     </span>
     <span class='ocr_line' id='line_1_24' title="bbox 186 2103 986 2183; baseline 0.003 -21"><span class='ocrx_word' id='word_1_172' title='bbox 186 2127 242 2162; x_wconf 91' lang='grc' dir='ltr'>σαν</span> <span class='ocrx_word' id='word_1_173' title='bbox 255 2103 448 2180; x_wconf 81' lang='grc' dir='ltr'>κατοικημένοι</span> <span class='ocrx_word' id='word_1_174' title='bbox 462 2109 490 2163; x_wconf 90' lang='grc' dir='ltr'>ἐν</span> <span class='ocrx_word' id='word_1_175' title='bbox 500 2107 568 2183; x_wconf 70' lang='grc' dir='ltr'>τῇσι</span> <span class='ocrx_word' id='word_1_176' title='bbox 578 2105 663 2180; x_wconf 78' lang='grc' dir='ltr'>νηισῖ</span> <span class='ocrx_word' id='word_1_177' title='bbox 676 2104 796 2165; x_wconf 80' lang='grc' dir='ltr'>εἵποντο·</span> <span class='ocrx_word' id='word_1_178' title='bbox 813 2107 840 2164; x_wconf 84' lang='grc' dir='ltr'>οῖ</span> <span class='ocrx_word' id='word_1_179' title='bbox 854 2104 883 2163; x_wconf 87' lang='grc' dir='ltr'>δὲ</span> <span class='ocrx_word' id='word_1_180' title='bbox 897 2103 986 2164; x_wconf 78' lang='grc' dir='ltr'>αὐτῶν</span> 
     </span>
     <span class='ocr_line' id='line_1_25' title="bbox 185 2188 984 2272; baseline 0.003 -22"><span class='ocrx_word' id='word_1_181' title='bbox 185 2189 237 2266; x_wconf 86' lang='grc' dir='ltr'>τήν</span> <span class='ocrx_word' id='word_1_182' title='bbox 249 2188 406 2272; x_wconf 86' lang='grc' dir='ltr'>μεσόγαιαν</span> <span class='ocrx_word' id='word_1_183' title='bbox 420 2191 562 2262; x_wconf 85' lang='grc' dir='ltr'>οἰκέοντες,</span> <span class='ocrx_word' id='word_1_184' title='bbox 576 2191 793 2271; x_wconf 87' lang='grc' dir='ltr'>καταλεχθέντες</span> <span class='ocrx_word' id='word_1_185' title='bbox 805 2217 836 2251; x_wconf 91' lang='grc' dir='ltr'>τε</span> <span class='ocrx_word' id='word_1_186' title='bbox 849 2190 899 2251; x_wconf 53' lang='grc' dir='ltr'>ὑπ’1</span> <span class='ocrx_word' id='word_1_187' title='bbox 910 2197 984 2270; x_wconf 85' lang='grc' dir='ltr'>ἐμεῦ,</span> 
     </span>
     <span class='ocr_line' id='line_1_26' title="bbox 184 2277 985 2361; baseline 0.002 -25"><span class='ocrx_word' id='word_1_188' title='bbox 184 2277 263 2354; x_wconf 86' lang='grc' dir='ltr'>πλήν</span> <span class='ocrx_word' id='word_1_189' title='bbox 279 2279 406 2357; x_wconf 78' lang='grc' dir='ltr'>Σατρέων</span> <span class='ocrx_word' id='word_1_190' title='bbox 420 2281 447 2338; x_wconf 83' lang='grc' dir='ltr'>οῖ</span> <span class='ocrx_word' id='word_1_191' title='bbox 464 2277 551 2338; x_wconf 77' lang='grc' dir='ltr'>ἄλλοι</span> <span class='ocrx_word' id='word_1_192' title='bbox 566 2277 667 2344; x_wconf 76' lang='grc' dir='ltr'>πάντες</span> <span class='ocrx_word' id='word_1_193' title='bbox 683 2280 753 2358; x_wconf 80' lang='grc' dir='ltr'>πεζῇ</span> <span class='ocrx_word' id='word_1_194' title='bbox 765 2279 985 2361; x_wconf 74' lang='grc' dir='ltr'>ἀναγκαζόμενοι</span> 
     </span>
     <span class='ocr_line' id='line_1_27' title="bbox 185 2365 1030 2444; baseline 0.002 -18"><span class='ocrx_word' id='word_1_195' title='bbox 185 2366 305 2428; x_wconf 84' lang='grc' dir='ltr'>εἵποντο.</span> <span class='ocrx_word' id='word_1_196' title='bbox 340 2365 447 2444; x_wconf 75' lang='grc' dir='ltr'>Σάτραι</span> <span class='ocrx_word' id='word_1_197' title='bbox 460 2366 490 2426; x_wconf 86' lang='grc' dir='ltr'>δὲ</span> <span class='ocrx_word' id='word_1_198' title='bbox 506 2365 615 2430; x_wconf 78' lang='grc' dir='ltr'>οὐδενός</span> <span class='ocrx_word' id='word_1_199' title='bbox 628 2393 665 2426; x_wconf 87' lang='grc' dir='ltr'>κω</span> <span class='ocrx_word' id='word_1_200' title='bbox 679 2366 831 2444; x_wconf 71' lang='grc' dir='ltr'>ἀνθρώπων</span> <span class='ocrx_word' id='word_1_201' title='bbox 846 2367 965 2444; x_wconf 74' lang='grc' dir='ltr'>ὑπήκοοι</span> <span class='ocrx_word' id='word_1_202' title='bbox 975 2369 1030 2428; x_wconf 90' lang='lat' dir='ltr'>lll</span> 
     </span>
     <span class='ocr_line' id='line_1_28' title="bbox 185 2454 985 2536; baseline 0 -22"><span class='ocrx_word' id='word_1_203' title='bbox 185 2456 320 2536; x_wconf 83' lang='grc' dir='ltr'>ἐγένοντο,</span> <span class='ocrx_word' id='word_1_204' title='bbox 331 2455 400 2515; x_wconf 85' lang='grc' dir='ltr'>ὅσον</span> <span class='ocrx_word' id='word_1_205' title='bbox 410 2454 489 2532; x_wconf 88' lang='grc' dir='ltr'>ήμεῖς</span> <span class='ocrx_word' id='word_1_206' title='bbox 499 2454 585 2532; x_wconf 84' lang='grc' dir='ltr'>ἴδμεν·</span> <span class='ocrx_word' id='word_1_207' title='bbox 599 2454 676 2514; x_wconf 86' lang='grc' dir='ltr'>αἷλλοὶ</span> <span class='ocrx_word' id='word_1_208' title='bbox 687 2455 844 2514; x_wconf 89' lang='grc' dir='ltr'>διατελεῦσι</span> <span class='ocrx_word' id='word_1_209' title='bbox 854 2454 888 2516; x_wconf 78' lang='grc' dir='ltr'>τό</span> <span class='ocrx_word' id='word_1_210' title='bbox 900 2456 985 2534; x_wconf 83' lang='grc' dir='ltr'>μέχρι</span> 
     </span>
     <span class='ocr_line' id='line_1_29' title="bbox 185 2541 987 2619; baseline 0.004 -19"><span class='ocrx_word' id='word_1_211' title='bbox 185 2545 251 2616; x_wconf 84' lang='grc' dir='ltr'>ἐμεῦ</span> <span class='ocrx_word' id='word_1_212' title='bbox 268 2543 321 2602; x_wconf 84' lang='grc' dir='ltr'>αἰεὶ</span> <span class='ocrx_word' id='word_1_213' title='bbox 337 2542 426 2605; x_wconf 87' lang='grc' dir='ltr'>ἐόντες</span> <span class='ocrx_word' id='word_1_214' title='bbox 441 2541 581 2619; x_wconf 75' lang='grc' dir='ltr'>ἐλεύθεροι</span> <span class='ocrx_word' id='word_1_215' title='bbox 596 2546 693 2618; x_wconf 87' lang='grc' dir='ltr'>μοῦνοι</span> <span class='ocrx_word' id='word_1_216' title='bbox 707 2543 841 2619; x_wconf 78' lang='grc' dir='ltr'>Θρηίκων·</span> <span class='ocrx_word' id='word_1_217' title='bbox 862 2543 987 2603; x_wconf 81' lang='grc' dir='ltr'>οἰκέουσί</span> 
     </span>
     <span class='ocr_line' id='line_1_30' title="bbox 184 2629 985 2710; baseline 0.005 -24"><span class='ocrx_word' id='word_1_218' title='bbox 184 2653 216 2686; x_wconf 86' lang='grc' dir='ltr'>τε</span> <span class='ocrx_word' id='word_1_219' title='bbox 235 2630 290 2710; x_wconf 74' lang='grc' dir='ltr'>γὰρ</span> <span class='ocrx_word' id='word_1_220' title='bbox 311 2630 393 2707; x_wconf 80' lang='grc' dir='ltr'>οὔρεα</span> <span class='ocrx_word' id='word_1_221' title='bbox 413 2629 511 2708; x_wconf 78' lang='grc' dir='ltr'>ιῖψηλιὶ</span> <span class='ocrx_word' id='word_1_222' title='bbox 533 2630 611 2708; x_wconf 80' lang='grc' dir='ltr'>ἴδῃσί</span> <span class='ocrx_word' id='word_1_223' title='bbox 627 2656 658 2689; x_wconf 85' lang='grc' dir='ltr'>τε</span> <span class='ocrx_word' id='word_1_224' title='bbox 675 2631 826 2710; x_wconf 80' lang='grc' dir='ltr'>παντοίῃσι</span> <span class='ocrx_word' id='word_1_225' title='bbox 846 2631 892 2689; x_wconf 88' lang='grc' dir='ltr'>καὶ</span> <span class='ocrx_word' id='word_1_226' title='bbox 911 2630 985 2710; x_wconf 89' lang='grc' dir='ltr'>χιόνι</span> 
     </span>
     <span class='ocr_line' id='line_1_31' title="bbox 185 2714 984 2794; baseline 0.003 -20"><span class='ocrx_word' id='word_1_227' title='bbox 185 2719 353 2792; x_wconf 82' lang='grc' dir='ltr'>συνηρεφέα,</span> <span class='ocrx_word' id='word_1_228' title='bbox 368 2719 414 2777; x_wconf 90' lang='grc' dir='ltr'>καὶ</span> <span class='ocrx_word' id='word_1_229' title='bbox 428 2719 483 2777; x_wconf 84' lang='grc' dir='ltr'>εἰσὶ</span> <span class='ocrx_word' id='word_1_230' title='bbox 495 2715 531 2777; x_wconf 77' lang='grc' dir='ltr'>τό</span> <span class='ocrx_word' id='word_1_231' title='bbox 544 2717 667 2794; x_wconf 88' lang='grc' dir='ltr'>πολέμια</span> <span class='ocrx_word' id='word_1_232' title='bbox 680 2715 769 2794; x_wconf 80' lang='grc' dir='ltr'>ἄκροι.</span> <span class='ocrx_word' id='word_1_233' title='bbox 804 2714 882 2776; x_wconf 82' lang='grc' dir='ltr'>οὗτοι</span> <span class='ocrx_word' id='word_1_234' title='bbox 896 2717 923 2776; x_wconf 72' lang='grc' dir='ltr'>οἳ</span> <span class='ocrx_word' id='word_1_235' title='bbox 934 2721 984 2778; x_wconf 89' lang='grc' dir='ltr'>τοῦ</span> 
     </span>
     <span class='ocr_line' id='line_1_32' title="bbox 173 2796 985 2881; baseline 0.002 -27"><span class='ocrx_word' id='word_1_236' title='bbox 173 2796 326 2881; x_wconf 58' lang='grc' dir='ltr'>,Διονύσου</span> <span class='ocrx_word' id='word_1_237' title='bbox 339 2796 372 2856; x_wconf 83' lang='grc' dir='ltr'>τό</span> <span class='ocrx_word' id='word_1_238' title='bbox 384 2797 519 2874; x_wconf 85' lang='grc' dir='ltr'>μαντήῖόν</span> <span class='ocrx_word' id='word_1_239' title='bbox 530 2801 585 2857; x_wconf 83' lang='grc' dir='ltr'>εἰσι</span> <span class='ocrx_word' id='word_1_240' title='bbox 596 2799 748 2874; x_wconf 88' lang='grc' dir='ltr'>ἐκτημένοι·</span> <span class='ocrx_word' id='word_1_241' title='bbox 763 2797 837 2857; x_wconf 80' lang='grc' dir='ltr'>τόδὲ</span> <span class='ocrx_word' id='word_1_242' title='bbox 849 2796 985 2874; x_wconf 83' lang='grc' dir='ltr'>μαντήϊον</span> 
     </span>
     <span class='ocr_line' id='line_1_33' title="bbox 185 2884 984 2962; baseline 0 -18"><span class='ocrx_word' id='word_1_243' title='bbox 185 2887 268 2944; x_wconf 89' lang='grc' dir='ltr'>τοῦτο</span> <span class='ocrx_word' id='word_1_244' title='bbox 292 2886 352 2960; x_wconf 82' lang='grc' dir='ltr'>ἔστι</span> <span class='ocrx_word' id='word_1_245' title='bbox 373 2887 426 2962; x_wconf 80' lang='grc' dir='ltr'>μὲν</span> <span class='ocrx_word' id='word_1_246' title='bbox 449 2885 495 2944; x_wconf 82' lang='grc' dir='ltr'>ἐπὶ</span> <span class='ocrx_word' id='word_1_247' title='bbox 515 2889 570 2944; x_wconf 87' lang='grc' dir='ltr'>τιῦν</span> <span class='ocrx_word' id='word_1_248' title='bbox 593 2884 693 2961; x_wconf 76' lang='grc' dir='ltr'>οὐρέων</span> <span class='ocrx_word' id='word_1_249' title='bbox 713 2889 768 2944; x_wconf 80' lang='grc' dir='ltr'>τῶν</span> <span class='ocrx_word' id='word_1_250' title='bbox 789 2885 984 2962; x_wconf 82' lang='grc' dir='ltr'>ῦψηλοτιίτων·</span> 
     </span>
     <span class='ocr_line' id='line_1_34' title="bbox 184 2970 984 3049; baseline -0.003 -19"><span class='ocrx_word' id='word_1_251' title='bbox 184 2973 299 3048; x_wconf 83' lang='grc' dir='ltr'>Βησσοὶ</span> <span class='ocrx_word' id='word_1_252' title='bbox 316 2972 346 3031; x_wconf 74' lang='grc' dir='ltr'>δὲ</span> <span class='ocrx_word' id='word_1_253' title='bbox 365 2976 420 3032; x_wconf 81' lang='grc' dir='ltr'>τῶν</span> <span class='ocrx_word' id='word_1_254' title='bbox 438 2972 566 3049; x_wconf 87' lang='grc' dir='ltr'>Σατρέων</span> <span class='ocrx_word' id='word_1_255' title='bbox 582 2973 637 3030; x_wconf 81' lang='grc' dir='ltr'>εἰσὶ</span> <span class='ocrx_word' id='word_1_256' title='bbox 656 2974 682 3030; x_wconf 86' lang='grc' dir='ltr'>οἱ</span> <span class='ocrx_word' id='word_1_257' title='bbox 700 2970 922 3046; x_wconf 76' lang='grc' dir='ltr'>προφητεύοντες</span> <span class='ocrx_word' id='word_1_258' title='bbox 934 2973 984 3028; x_wconf 88' lang='grc' dir='ltr'>τοῦ</span> 
     </span>
     <span class='ocr_line' id='line_1_35' title="bbox 186 3058 983 3138; baseline -0.001 -21"><span class='ocrx_word' id='word_1_259' title='bbox 186 3062 253 3136; x_wconf 82' lang='grc' dir='ltr'>ἱροῦ,</span> <span class='ocrx_word' id='word_1_260' title='bbox 264 3059 418 3138; x_wconf 86' lang='grc' dir='ltr'>πρόμαντις</span> <span class='ocrx_word' id='word_1_261' title='bbox 431 3059 460 3118; x_wconf 79' lang='grc' dir='ltr'>δὲ</span> <span class='ocrx_word' id='word_1_262' title='bbox 474 3059 492 3136; x_wconf 89' lang='grc' dir='ltr'>ή</span> <span class='ocrx_word' id='word_1_263' title='bbox 505 3059 639 3138; x_wconf 79' lang='grc' dir='ltr'>χρίουσα,</span> <span class='ocrx_word' id='word_1_264' title='bbox 653 3058 776 3134; x_wconf 81' lang='grc' dir='ltr'>κατάπερ</span> <span class='ocrx_word' id='word_1_265' title='bbox 790 3062 819 3116; x_wconf 89' lang='grc' dir='ltr'>ἐν</span> <span class='ocrx_word' id='word_1_266' title='bbox 830 3059 983 3131; x_wconf 69' lang='grc' dir='ltr'>Δελφοῖσι,</span> 
     </span>
     <span class='ocr_line' id='line_1_36' title="bbox 184 3141 540 3225; baseline -0.003 -19"><span class='ocrx_word' id='word_1_267' title='bbox 184 3147 230 3208; x_wconf 82' lang='grc' dir='ltr'>καὶ</span> <span class='ocrx_word' id='word_1_268' title='bbox 244 3141 323 3209; x_wconf 76' lang='grc' dir='ltr'>οὐδὲν</span> <span class='ocrx_word' id='word_1_269' title='bbox 335 3145 540 3225; x_wconf 84' lang='grc' dir='ltr'>ποικιλώτερον.</span> 
     </span>
    </p>
   </div>
   <div class='ocr_carea' id='block_1_2' title="bbox 224 3227 1030 3315">
    <p class='ocr_par' dir='ltr' id='par_1_2' title="bbox 224 3227 1030 3315">
     <span class='ocr_line' id='line_1_37' title="bbox 224 3227 1030 3315; baseline -0.007 -19"><span class='ocrx_word' id='word_1_270' title='bbox 224 3234 479 3315; x_wconf 71' lang='grc' dir='ltr'>Παραμειψιίμενος</span> <span class='ocrx_word' id='word_1_271' title='bbox 505 3234 535 3294; x_wconf 81' lang='grc' dir='ltr'>δὲ</span> <span class='ocrx_word' id='word_1_272' title='bbox 562 3232 579 3294; x_wconf 84' lang='grc' dir='ltr'>ό</span> <span class='ocrx_word' id='word_1_273' title='bbox 605 3231 711 3309; x_wconf 82' lang='grc' dir='ltr'>Ξέρξης</span> <span class='ocrx_word' id='word_1_274' title='bbox 733 3227 785 3306; x_wconf 80' lang='grc' dir='ltr'>τήν</span> <span class='ocrx_word' id='word_1_275' title='bbox 812 3228 1030 3308; x_wconf 75' lang='grc' dir='ltr'>εἶρημένην,112</span> 
     </span>
    </p>
   </div>
   <div class='ocr_carea' id='block_1_3' title="bbox 0 0 1152 3430">
    <p class='ocr_par' dir='ltr' id='par_1_3' title="bbox 0 0 1152 3430">
     <span class='ocr_line' id='line_1_38' title="bbox 0 0 1152 3430; baseline 0 0"><span class='ocrx_word' id='word_1_276' title='bbox 0 0 1152 3430; x_wconf 95' lang='lat' dir='ltr'> </span> 
     </span>
    </p>
   </div>
  </div>
 </body>
</html>
