2204 3430
142 119 252 184 59-63]
450 117 653 167 υυυυικοκιι.
922 120 953 168 ιι

141 201 260 282 ἰσχυρόν
280 200 313 260 οῦ
333 197 490 278 προεχώρεε
511 198 634 267 κάτοδος,
654 195 731 257 ἅλλοὶ
752 196 952 273 προσέπταιοβ

140 289 270 370 μεγάλως
288 286 454 364 πειρώμενοι
473 287 595 347 κατιέναι
611 311 641 348 τε
659 285 704 344 καὶ
718 285 883 361 ἐλευθεροῦν
897 285 947 348 τὰς

140 375 268 452 Ἀθήνας,
288 375 456 454 Λειψύδριον
471 375 504 435 τό
523 375 592 452 ῦπέρ
610 375 745 449 Παιονίης
762 374 946 452 τειχίσαντες·

141 465 259 528 ἐνθαῦτα
273 467 300 524 οἱ
312 464 529 540 Ἀλκμαιωνίδαι
545 468 602 523 πᾶν
619 463 664 522 ἐπὶ
681 466 758 521 τοῖσι
772 468 945 538 Πεισιστρα-

140 553 234 631 τίδῃσι
254 551 458 632 μηχανώμενοι,
484 551 549 630 παρ’
572 549 785 629 Ἀμφικτυόνων
806 548 855 609 τόν
878 549 945 625 νηόν

140 643 309 716 μισθοῦνται
322 639 373 700 τόν
390 644 419 699 ἐν
436 643 588 716 Δελφοῖσι,
602 639 652 699 τόν
669 641 718 698 νῦν
734 637 816 698 ἐόντα
833 637 898 697 τότε
916 638 946 697 δὲ

141 728 220 800 οὕκω,
242 733 342 790 τοῦτον
364 729 587 805 ἐξοικοδομῆσαι·
618 728 664 786 οἶα
686 727 715 786 δέ
739 725 889 806 χρημάτων
916 727 946 786 εῦ

140 816 254 892 ἥκοντες
271 817 317 874 καὶ
334 815 423 879 ἐόντες
439 815 535 893 ἄνδρες
552 816 661 893 δόκιμοι
678 815 811 875 οἷνέκοθεν
830 816 878 885 ἐτι,
896 815 946 876 τόν

140 930 171 962 τε
184 904 253 980 νηόν
267 904 453 984 ἐξεργάσαντο
467 909 518 965 τοῦ
531 905 756 985 παραδείγματος
770 903 895 973 κάλλιον,
908 903 945 964 τά

140 1009 172 1050 τε
185 990 264 1050 ἄλλα
278 991 324 1049 καὶ
338 994 518 1072 συγκειμένου
539 998 594 1068 σφι
613 991 732 1068 πωρίνου
749 992 830 1049 λίθου
844 992 946 1052 ποιέειν

140 1079 191 1138 ’τόν
212 1078 287 1154 νηόν,
303 1080 411 1156 Παρίου
431 1080 467 1139 τά
488 1080 648 1157 ἔμπροσθεν
664 1077 749 1138 αῦτοῦ
768 1079 944 1154 ἐξεποίησαν.

141 1165 191 1229 Ὡς
208 1165 245 1226 ὧν
261 1165 294 1243 δη
313 1169 339 1226 οἱ
355 1166 499 1244 Ἀθηναῖοι
515 1170 642 1250 λέγουσι,
660 1166 737 1227 οὗτοι
758 1170 783 1225 οἱ
802 1165 896 1243 ἄνδρες
917 1172 990 1227 ἐν63

142 1257 288 1330 Δελφοῖσι
298 1255 446 1332 κατήμενοι
461 1255 606 1317 ἀνέπειθον
621 1255 674 1332 τήν
688 1255 799 1330 Πυθίην
808 1254 945 1333 χρήμασι,

141 1340 211 1406 ὅκως
233 1344 340 1404 ἔλθοιεν
360 1345 554 1422 Σπαρτιητέων
576 1343 671 1422 ἄνδρες
694 1345 747 1404 εἴτε
772 1343 828 1422 ἰδίῳ
849 1343 944 1422 στόλῳ

142 1429 195 1490 εἴτε
209 1431 335 1510 δημοσίῳ
345 1425 526 1510 χρησόμενοι,
537 1434 690 1510 προφέρειν
701 1438 756 1509 σφι
766 1431 817 1494 τάς
826 1431 945 1507 Ἀθήνας

142 1520 314 1597 ἐλευθεροῦν.
355 1519 570 1597 Λακεδαιμόνιοι
591 1521 628 1590 δὲ,
651 1520 686 1584 ὥς
707 1527 762 1596 σφι
783 1521 836 1578 αἰεὶ
856 1519 943 1578 τωῦτὸ

141 1605 304 1682 πρόφαντον
321 1608 437 1688 ἐγένετο,
451 1613 596 1685 πέμπουσι
609 1607 795 1690 Ἀγχιμόλιον
811 1607 860 1668 τόν
877 1607 944 1667 Ἀσ·

140 1694 227 1771 τέρος,
243 1695 324 1755 ἐόντα
337 1699 391 1756 τῶν
410 1695 503 1756 οἰστῶν
522 1695 608 1774 ἄνδρα
626 1696 749 1774 δόκιμον,
765 1696 819 1757 σῦν
833 1701 944 1776 στρατῷ

142 1781 278 1850 ἐξελῶντα
291 1785 527 1861 Πεισιστρατίδας
541 1786 572 1854 ἐξ
583 1785 730 1860 Ἀθηνέων,
742 1784 815 1862 ὅμως
828 1786 874 1843 καὶ
892 1785 943 1853 ξει-

140 1869 214 1934 νίους
234 1877 291 1948 σφι
315 1871 409 1934 ἐόντας
432 1872 467 1932 τοὶ
491 1873 626 1948 μάλιστα·
658 1873 694 1931 τά
719 1873 774 1954 γάρ
801 1877 851 1932 τοῦ
877 1873 956 1932 θεοῦ

140 1957 324 2034 πρεσβύτερα
343 1962 483 2017 ἐποιεῦντο
502 1957 520 2034 ἢ
536 1961 571 2018 τοὶ
588 1965 643 2019 τῶν
656 1961 770 2038 ἀνδρῶν·
799 1961 943 2036 πέμπουσι

142 2043 172 2100 δὲ
197 2044 311 2106 τούτους
332 2045 401 2105 κατοὶ
424 2043 576 2106 θάλασσαν
600 2049 737 2108 πλοίοισι.
793 2047 808 2108 ὁ
831 2049 883 2124 μὲν
909 2047 943 2124 δη

142 2130 278 2210 προσχών
292 2136 319 2196 ἐς
332 2133 471 2211 Φάληρον,
486 2134 537 2210 την
554 2135 688 2213 στρατιὴν
705 2137 846 2214 ἀπέβησε·
869 2139 895 2195 οἶ
912 2136 941 2196 δέ

141 2222 374 2298 Πεισιστρατίδαι
384 2224 642 2301 προπυνθανόμενοι
652 2229 747 2296 ταῦτα,
760 2225 943 2286 ἐπεκαλέοντο

141 2312 171 2367 ἐκ
185 2311 348 2388 Θεσσαλίης
369 2312 537 2388 ἐπικουρίην·
560 2314 708 2388 ἐπεποίητο
723 2312 777 2394 γάρ
798 2321 853 2390 σφι
872 2341 942 2391 συμ-

117 2423 119 2428 ’
138 2397 228 2476 μαχίη
249 2397 319 2475 πρός
341 2399 450 2463 αὐτούς·
480 2391 630 2459 Θεσσαλοὶ
652 2401 683 2458 δέ
707 2408 763 2476 σφι
788 2401 944 2479 δεομένοισι

138 2484 315 2564 ἀπέπεμψαν,
330 2491 409 2566 κοινῇ
418 2486 515 2568 γνώμη
529 2485 689 2565 χρεώμενοι,
705 2490 800 2567 χιλίην
813 2515 844 2548 τε
858 2490 944 2571 ἵππον

139 2573 185 2632 καὶ
200 2573 250 2634 τόν
267 2576 395 2650 βασιλέα
413 2574 463 2634 τόν
482 2577 624 2651 σφέτερον
645 2577 756 2652 Κινέην,
779 2577 864 2654 ἄνδρα
885 2583 943 2636 Κο·
988 2613 998 2628 ι

138 2665 236 2721 νιαῖον·
264 2663 328 2727 τοῦς
350 2663 413 2722 ἐπεί
430 2689 462 2723 τε
483 2663 570 2742 ἐσχον
596 2662 763 2742 συμμάχους
791 2668 817 2724 οἱ
844 2671 942 2723 Πεισι·

139 2749 293 2823 στρατίδαι,
313 2750 487 2830 ἐμηχανέατο
501 2749 605 2810 τοιάδε·
626 2753 764 2829 κείραντες
776 2757 831 2813 τῶν
845 2757 938 2828 Φαλη-

139 2832 209 2910 ρέων
224 2834 258 2892 τό
276 2838 378 2911 πεδίον,
403 2839 450 2896 καὶ
471 2835 630 2913 ἱππάσιμον
652 2840 820 2914 ποιήσαντες
842 2844 942 2898 τοῦτον

139 2920 189 2980 τόν
218 2925 318 2999 χῶρον,
350 2929 456 3000 ἐπῆκαν
485 2929 523 3004 τῷ
555 2925 735 3004 στρατοπέδῳ
761 2927 813 3001 τὴν
846 2927 940 2982 ἵππον·

140 3012 306 3087 ἐμπεσοῦσα
335 3011 365 3069 δὲ
390 3013 530 3088 διέφθειρε
554 3010 659 3074 ἄλλους
685 3039 717 3072 τε
740 3009 866 3070 πολλοῦς
886 3011 940 3063 τῶν

138 3099 364 3176 Λακεδαιμονίων
391 3099 437 3157 καὶ
464 3100 498 3174 δη
521 3099 567 3156 καὶ
592 3099 642 3158 τὸν
661 3096 855 3178 Ἀγχιμόλιον,
876 3090 941 3150 Τθῧῖ

139 3187 168 3248 δὲ
197 3187 427 3269 περιγενομένους
459 3187 550 3246 αῦτιῦν
578 3189 605 3246 ἐς
631 3184 681 3246 τοὶς
702 3183 765 3242 νέας
797 3174 939 3250 κῑῑτὲρξῡῑνρ

139 3273 154 3335 ὁ
177 3278 230 3352 μὲν
255 3275 290 3351 δή
314 3277 425 3351 πρῶτος
449 3272 555 3334 στόλος
580 3274 609 3326 ἐκ
640 3264 846 3336 Λακεδαίμονος
873 3258 931 3317 οὔτε
