2294 3430
158 117 203 164 ιιι
459 111 646 160 ‘ammom
873 108 950 172 [vn.

155 191 267 264 λάντων,
290 191 443 267 δασάμενοι
461 194 542 250 σῖτον
564 194 592 248 ἐν
613 191 682 268 τῇσι
701 185 803 247 πόλισι
822 188 849 247 οἰ
870 185 953 248 ἀστοὶ

157 276 261 354 ἀλευρά
283 303 313 338 τε
338 278 384 336 καὶ
407 275 516 352 άλφιτα
540 276 649 335 ἐποίευν
671 274 772 336 πάντες
796 274 842 334 ἐπὶ
864 279 954 352 μῆνας

157 365 284 444 συχνούς·
304 369 388 425 τοῦτο
408 365 445 435 δέ,
461 363 560 440 κτήνεα
576 361 738 423 σιτεόεσκον
752 363 954 440 ἐξευρίσκοντες
995 381 997 386 “

157 459 239 530 τιμῆς
260 453 295 513 τά
318 452 469 523 κάλλιστα,
490 451 608 530 ἔτρεφόν
625 477 657 510 τε
675 449 785 528 ὄρνιθας
805 452 954 529 χερσαίους

158 541 204 599 καί
220 541 364 618 λιμναίους
384 541 412 600 ἐν
431 565 462 600 τε
483 539 618 616 οἰκήμασι
634 538 680 597 καί
693 537 832 606 λάκκοισι,
848 542 875 600 ἐς
887 537 954 597 ὑπο·

159 627 244 707 δοχάς
252 631 303 688 τοῦ
316 631 450 706 στρατοῦ·
469 631 552 686 τοῦτο
566 627 604 696 δέ,
612 623 719 704 χρύσεοί
730 651 762 684 τε
775 625 821 683 καὶ
834 623 954 705 ἀργόρεα

158 714 277 792 ποτήριά
299 741 330 775 τε
352 715 397 774 καί
419 718 557 793 κρητῆρας
579 717 726 786 ἐποιεῦντο,
751 712 797 770 καί
819 711 855 771 τά
877 711 954 771 ἀλλα

160 802 216 863 ὅσα
238 804 283 862 ἐπὶ
306 803 444 880 τράπεζαν
464 802 588 864 τιθέαται
608 801 706 861 πάντα
741 802 899 876 ταῦταμὲν
919 800 954 875 δη

160 889 232 970 αὐτῷ
249 916 280 950 τε
297 891 419 967 βασιλέϊ
435 891 481 950 καί
500 893 577 950 τοῖσι
597 889 759 965 ὁμοσίτοισι
778 886 837 963 μετ’
851 888 954 947 ἐκείνου

160 979 317 1054 ἐπεποίητο,
331 984 366 1059 τῇ
384 979 414 1038 δέ
426 978 502 1058 άλλη
516 981 635 1055 στρατιῇ
647 975 683 1034 τά
696 981 724 1038 ἐς
738 973 852 1051 φορβὴν
864 978 955 1051 μοῦνα

159 1067 330 1143 τασσόμενα.
373 1067 442 1130 όκως
465 1067 495 1124 δέ
518 1065 645 1124 ἀπίκοιτο
669 1063 688 1138 ἦ
712 1061 839 1138 στρατιὴ,
864 1061 954 1138 σκηνή

160 1156 212 1230 μὲν
233 1155 298 1213 ἐσκε
320 1157 462 1234 πεπηγυῖα
485 1153 580 1229 ἑτοίμη
603 1157 631 1214 ἐς
653 1150 705 1226 τὴν
726 1149 808 1212 αι’ντός
828 1149 955 1226 σταθμόν

160 1243 322 1302 ποιεέσκετο
335 1240 488 1324 Ξέρξηςχχῆ
509 1241 538 1299 δέ
560 1238 637 1314 άλλη
655 1237 773 1314 στρατιὴ
792 1238 856 1296 ἔσκε
875 1236 955 1296 ὑπαί·
978 1223 1037 1303 33

161 1329 246 1406 θριος·
268 1329 303 1391 ιός
322 1329 351 1387 δέ
370 1329 480 1389 δείπνου
497 1329 603 1408 γίνοιτο
624 1325 689 1403 ὥρη,
703 1329 730 1385 οἰ
745 1328 796 1402 μὲν
816 1324 956 1401 δεκόμενοι

163 1417 280 1495 ἔχεσκον
300 1415 394 1475 πόνον·
415 1418 442 1474 οἰ
456 1416 492 1484 δέ,
507 1413 576 1478 ὅκως
588 1413 761 1500 πλησθέντες
774 1412 858 1472 νύκτα
871 1411 955 1471 αὐτοῦ

162 1503 300 1584 ἀγάγοιεν,
315 1507 350 1582 τῇ
363 1502 496 1581 όστεραίη
509 1502 561 1577 τήν
576 1528 607 1561 τε
625 1500 732 1576 σκηνὴν
743 1499 957 1563 ἀνασπάσαντες

163 1590 208 1649 καί
221 1589 256 1649 τά
269 1591 373 1648 ἔπιπλα
386 1589 477 1650 πάντα
491 1588 637 1666 λαβόντες,
654 1587 723 1648 οὕτω
740 1587 954 1661 ἀπελαύνεσκον,

117 1680 175 1738 120
183 1678 324 1740 λείποντες
338 1676 424 1749 οὐδὲν,
440 1676 516 1736 ἀλλὰ
537 1675 695 1753 φερόμενοι·
711 1674 801 1744 ΙἜνθα
814 1674 847 1751 δὴ
862 1681 955 1755 Μεγα-

163 1766 289 1842 κρέοντος
300 1765 397 1842 ἀνδρδς
409 1765 580 1842 Ἀβδηρίτεω
594 1765 659 1828 ἐπος
673 1763 702 1824 εἰ
716 1764 857 1841 εἰρημένον
871 1765 957 1844 ἐγένε-

162 1878 203 1923 το,
218 1852 248 1917 δς
266 1854 475 1930 συνεβούλευσε
494 1852 689 1930 ’λβδηρίτῃσι,
704 1851 839 1927 πανδημεὶ
859 1849 958 1914 αὕταιίς

164 1941 210 2000 καὶ
229 1945 359 2022 γυναῖκας
379 1941 511 2004 ἐλθόντας
532 1945 559 2003 ἐς
578 1938 614 2000 τά
635 1940 760 2016 σφέτερα
781 1937 834 2015 ἰριί,
851 1937 958 2008 ἵζεσθαι

164 2030 253 2093 ἱκέτας
266 2033 320 2090 τῶν
341 2030 416 2103 θεῶν,
432 2029 664 2106 παραιτεομένους
677 2026 723 2086 καί
735 2025 768 2086 τό
782 2025 882 2085 λοιπόν
902 2031 959 2101 σφι

163 2115 316 2194 ἀπαμύνειν
333 2121 388 2176 τῶν
406 2116 537 2177 ἐπιόντων
555 2119 646 2174 κακῶν
664 2114 700 2174 τά
719 2112 833 2189 ἡμίσεα·
854 2114 909 2172 τῶν
928 2137 959 2171 τε

163 2204 371 2282 παροιχομένων
391 2205 463 2283 ἐχειν
483 2209 539 2278 σφι
558 2200 686 2283 μεγάλην
704 2200 794 2280 χάριν,
808 2199 852 2260 ὅτι
870 2201 959 2275 βασι-

163 2289 228 2353 λειίς
246 2291 351 2367 Ξέρξης
370 2290 402 2349 οιί
422 2291 463 2352 δὶς
485 2289 603 2364 ἑκάστης
623 2288 728 2366 ἡμέρης
747 2286 859 2364 ἐνόμισε
879 2290 959 2346 σῖτον

164 2377 320 2454 αἱρέεσθαι·
347 2377 478 2456 παρέχειν
499 2376 554 2457 γάρ
582 2375 617 2436 ἂν
639 2375 835 2452 Ἀβδηρίτῃσι,
864 2377 888 2432 εἰ
915 2375 960 2432 καί

164 2463 279 2540 ἄριστον
299 2465 447 2541 προείρητο
467 2463 551 2540 ὁμοῖα
563 2467 602 2543 τῷ
614 2464 713 2542 δείπνῳ
732 2460 959 2539 παρασκευάζειν,

164 2549 183 2627 ἢ
206 2550 247 2628 μή
270 2550 417 2628 ἀπομένειν
438 2551 543 2629 Ξέρξεα
564 2551 684 2621 ἐπιόντα,
705 2548 723 2627 ἢ
746 2549 961 2626 καταμείναντας

164 2638 283 2700 κάκιστα
303 2637 412 2698 πάντων
427 2637 577 2716 ἀνθρώπων
596 2638 782 2715 διατριβῆναι.
823 2637 850 2696 οἰ
862 2635 961 2712 μὲνδὴ

165 2725 321 2803 πιεζόμενοι
341 2725 441 2803 ὁμοίως
460 2725 493 2786 τό
515 2725 738 2802 ἐπιτασσόμενον
758 2723 911 2784 ἐπετέλεον.

119 2815 173 2873 121
226 2813 330 2890 Ξέρξης
350 2813 380 2874 δέ
400 2818 430 2873 ἐκ
450 2816 499 2890 τῆς
511 2811 656 2882 Ἀκάνθου,
671 2811 867 2887 Ιἐντειλάμενος
886 2813 962 2871 τοῖσι

165 2905 351 2982 στρατηγοῖσι
364 2900 413 2962 τόν
426 2898 554 2962 ναυτικδν
567 2898 689 2976 στρατόν
702 2898 847 2975 όπομένειν
858 2903 887 2958 ἐν
895 2897 963 2974 Θέρ-

166 3014 214 3068 μη,
228 2987 318 3064 ἀπῆκε
331 2986 379 3048 ἀπ’
393 2990 493 3048 ἑωυτοῦ
513 2985 682 3064 πορεύεσθαι
699 2984 750 3048 τάς
764 2985 834 3048 νέας·
856 2985 963 3064 (Θέρμῃ

166 3075 196 3135 δέ
212 3080 248 3156 τῇ
269 3081 298 3138 ἐν
317 3080 356 3156 τῷ
369 3075 497 3154 Θερμαίῳ
516 3073 612 3152 κόλπῳ
626 3073 765 3151 οἰκημένῃ,
780 3071 828 3130 ἀπ’
841 3069 875 3148 ἧς
889 3072 963 3130 καὶὸ

167 3162 272 3230 κόλπος
284 3162 365 3230 οὗτος
376 3163 428 3240 τὴν
441 3161 596 3238 ἐπωνυμίην
617 3160 695 3240 ἔχει’)
717 3157 804 3237 ταύτῃ
816 3158 871 3239 γὰρ
886 3163 964 3217 ἐπυν-

167 3248 266 3312 θάνετο
282 3249 495 3326 συντομάπατον
511 3247 589 3310 εἰναι.
629 3248 713 3326 μέχρι
732 3248 784 3322 μὲν
798 3244 854 3325 γάρ
867 3243 965 3304 ’λκάν-
