2240 3424
139 73 187 132 ιιι
446 68 626 118 Ἧκοιουου
875 67 938 134 [αι.

140 151 228 228 φέρον
254 150 289 213 ,τό
319 152 477 226 Τισαμενοῦ
503 147 645 228 μαντήϊον,
672 139 767 228 μισθῷ
792 153 941 227 ἐπειρῶντο

140 239 286 300 πείσαντες
313 235 470 314 Τισαμενόν
490 237 635 296 ποιέεσθαι
656 236 714 314 ἅμα
736 235 941 314 Ἱῌακλειδέων

139 329 216 386 τοῖσι
233 325 393 401 βασιλεῦσι
409 323 534 405 ἡγεμόνα
549 329 604 384 τῶν
621 326 761 401 πολέμων·
783 325 842 384 ὅδὲ
856 325 941 402 ἀρέων

141 413 203 488 περὶ
224 416 336 472 πολλοῦ
360 413 537 490 ποιευμένους
558 413 734 490 Σπαρτιήτας
753 415 839 489 φίλον
857 413 941 474 αὐτόν

98 572 100 576 .
141 502 326 577 προσθέσθαι,
347 499 443 580 μαθῶν
463 505 547 561 τοῦτο
568 500 691 577 ἀνετίμα,
712 502 855 578 σημαίνων
875 508 940 578 σφι,

141 588 176 651 ῶς
188 587 222 664 ἥν
235 615 283 666 μιν
298 588 438 666 πολιήτην
455 579 594 667 ἀφέτερον
611 588 782 664 ποιήσωνται
800 593 853 649 τῶν
873 590 941 650 πάν-

141 702 195 736 των
215 676 414 754 μεταδιδόντες,
435 676 549 752 ποιήσει
568 681 665 736 ταῦτα·
686 676 728 736 ἐπ’
748 676 828 756 ἄλλοι
848 679 942 756 μισθῷ

143 763 165 824 δ’
183 764 228 825 οῦ·
250 767 423 844 Σπαρτιῆται
445 765 482 834 δὲ,
501 769 597 842 πρῶτα
615 768 666 843 μὲν
682 764 849 828 ἀκούσαντες
867 765 942 826 δεινῶ

143 858 292 925 ἐποιεῦντο,
307 855 352 913 καὶ
366 854 498 931 μετίεσαν
515 857 566 930 τῆς
583 852 783 933 χρησμοσύνης
801 852 834 913 τό
854 853 942 930 παρά·

143 967 208 1002 παν·
228 933 361 1010 τέλοςδὲ,
375 942 503 1018 δείματος
518 937 644 1022 μεγάλου
662 941 880 1018 ε’πικρεμαμένου
892 945 942 1001 τοῦ

144 1035 287 1107 Περσικοῦ
300 1029 399 1090 τούτου
413 1019 627 1106 στρατεύματος,
640 1030 782 1088 καταίνεον
793 1028 942 1106 μετιόντες·

144 1117 159 1178 ό
179 1118 208 1176 δὲ
225 1115 307 1198 γνούς
322 1117 525 1194 τετραμμένους
546 1116 645 1191 σφέας,
667 1115 722 1175 οὐδ’
742 1115 812 1176 οῦτω
831 1117 885 1192 ἔφη
904 1117 943 1176 ἔτι

144 1204 293 1282 ἀρκέεσθαι
307 1205 433 1264 τούτοισι
451 1204 588 1282 μούνοισι,
603 1202 680 1262 α’λλῶ
699 1203 755 1262 δεῖν
773 1204 813 1263 ἔτι
831 1203 943 1265 καὶτῶν

145 1291 284 1369 ἀδελφεῶν
308 1296 408 1354 ἑωυτοῦ
430 1292 532 1372 Ἡγίην
553 1293 681 1372 γίνεσθαι
700 1290 877 1368 Σπαρτιήτην
898 1293 943 1352 ε’πὶ

140 1385 220 1460 ,τοῖσι
247 1381 359 1442 αύτοῖσι
389 1380 504 1462 λόγοισι
534 1385 611 1440 τοῖσι
641 1380 687 1438 καὶ
716 1378 798 1443 αὐτός
830 1381 944 1462 γίνεται.

98 1469 137 1528 34
145 1473 239 1529 Ταῦτα
267 1470 296 1528 δὲ
319 1470 409 1550 λέγων
436 1467 515 1532 οὗτος
542 1469 669 1545 ἐμιμέετο
696 1467 883 1546 Μελάμποδα,
909 1468 944 1534 ῶς

132 1557 255 1621 ,εἰκάσαι
267 1557 425 1632 βασιληίην
437 1581 468 1616 τε
481 1556 527 1614 καὶ
540 1557 697 1631 πολιτηίην,
712 1555 878 1631 αἶπεόμενος·
899 1557 945 1616 καὶ

64 1715 66 1720 Α
145 1642 199 1724 γάρ
227 1643 260 1719 δή
289 1644 335 1702 καὶ
359 1643 542 1719 Μελάμπους,
566 1647 620 1702 τῶν
644 1647 673 1702 έν
690 1641 791 1729 ''Ap-7¹⁶2:
811 1647 945 1724 γυναικῶν

144 1732 306 1808 μανεισέων,
321 1730 356 1794 ῶς
369 1756 417 1807 μιν
435 1733 462 1790 οἱ
478 1728 602 1811 Ἀργεῖοι
621 1732 787 1808 ἐμισθοῦντο
804 1737 833 1790 ἐκ
847 1731 945 1791 Πύλου

145 1823 254 1880 παῦσαι
272 1818 322 1882 τῶς
338 1821 481 1896 σφετέρας
498 1815 629 1901 γυναῖκας
646 1823 696 1896 τῆς
713 1819 822 1890 νούσου,
843 1819 946 1897 μισθόν

146 1908 323 1986 προετείνατο
340 1912 390 1984 τῆς
410 1909 565 1985 βασιληίης
584 1908 618 1968 τό
638 1907 738 1985 ἥμισυ·
761 1906 810 1966 ούκ
826 1907 945 1987 ἀνασχο-

146 1996 235 2072 μένων
249 1996 278 2054 δὲ
294 2001 349 2056 τῶν
361 1995 493 2078 Ἀργείων
509 1995 574 2055 ἀλλ’
593 1995 737 2067 ἀπιόντων,
753 1995 788 2059 ῶς
804 1997 946 2072 ἐμαίνοντο

147 2089 247 2164 πολλῷ
267 2089 383 2148 πλεῦνες
403 2087 458 2144 τῶν
477 2089 620 2164 γυναικῶν,
638 2083 709 2142 οὕτω
726 2082 759 2159 δή
777 2083 947 2148 ῦποστάντες

147 2171 183 2232 τά
209 2172 226 2232 ἀ
253 2171 427 2249 Μελάμπους
450 2173 630 2248 προετείνετο,
655 2170 740 2246 ἤϊσαν
764 2170 899 2233 δῶσοντές
920 2173 947 2231 οἷ

148 2265 243 2320 ταῦτα·
265 2258 281 2317 ό
304 2259 333 2317 δὲ
355 2261 472 2319 ἐνθαῦτα
494 2259 527 2334 δὴ
553 2259 720 2338 ἐπορέγεται,
742 2257 826 2332 ὁρέων
850 2257 949 2322 αῦῇιῦς

149 2346 358 2423 τετραμμένους,
381 2345 444 2421 φάς,
468 2345 502 2421 ἢν
521 2346 561 2424 μή
583 2346 628 2403 καὶ
649 2349 687 2423 τῷ
706 2343 835 2420 ἀδελφεῷ
851 2344 949 2405 Βίαντι

147 2434 287 2511 μεταδῶσι
300 2431 334 2492 τό
347 2433 525 2510 τριτημόριον
538 2437 587 2508 τῆς
600 2430 762 2508 βασιληίης,
775 2429 807 2489 ού
820 2429 949 2506 ποιήσειν

148 2521 184 2582 τά
201 2519 364 2596 βούλονται·
386 2524 413 2579 οῖ
431 2521 460 2580 δὲ
473 2521 603 2602 Ἀργεῖοι,
622 2519 816 2594 ἀπειληθέντες
835 2523 863 2582 ές
876 2545 949 2579 στει-

103 2615 140 2672 35
149 2608 204 2678 νόν,
220 2609 394 2676 καταινέουσι
409 2609 561 2668 καὶταῦτα
604 2606 652 2670 Ὡς
665 2606 694 2666 δέ
708 2607 754 2666 καὶ
767 2609 948 2685 Σπαρτιῆται,

151 2695 257 2756 ἐδέοντο
273 2694 328 2778 γάρ
346 2696 438 2760 δεινῶς
453 2700 504 2757 τοῦ
522 2700 690 2775 Τισαμενοῦ,
705 2695 812 2759 πάντως
830 2694 949 2774 συνεχῶ-

149 2784 213 2862 ρεόν
227 2787 261 2843 οἱ·
284 2783 525 2866 συγχωρησάντων
538 2785 568 2845 δέ
582 2787 627 2845 καὶ
640 2788 728 2845 ταῦτα
744 2789 798 2844 τῶν
812 2784 949 2860 Σπαρτιη-

151 2872 227 2942 τέων,
242 2871 311 2932 οῦτω
326 2872 359 2948 δή
373 2874 455 2934 πέντε
473 2880 529 2950 σφι
546 2873 748 2952 μαντευόμενος
767 2871 874 2953 ἀγῶνας
887 2870 950 2934 τοῦς

150 2960 299 3039 μεγίστους
313 2962 469 3040 Τισαμενός
482 2963 497 3024 ὁ
513 2961 634 3034 Ἠλεῖος,
648 2962 795 3045 γενόμενος
812 2957 950 3036 Σπαρτιή-

149 3071 205 3122 της,
225 3052 427 3130 συγκαταιρέει·
448 3055 547 3128 μοῦνοι
567 3051 597 3109 δὲ
617 3049 651 3126 δή
672 3049 781 3111 πάντων
801 3045 951 3125 ἀνθρώπων

150 3134 276 3211 ἐγένοντο
293 3135 370 3198 οῦτοι
387 3138 581 3219 Σπαρτιήτῃσι
597 3143 737 3215 πολιῆται.
779 3139 805 3196 οἱ
823 3136 852 3194 δέ
869 3133 950 3193 πέντε

150 3215 253 3297 ἀγῶνες
268 3221 326 3282 οἵδε
348 3225 485 3304 ἐγένοντο·
507 3225 545 3288 εἵς
563 3227 616 3302 μὲν
634 3228 680 3284 καὶ
697 3228 814 3303 πρῶτος,
836 3219 916 3284 οὗτος
934 3219 950 3279 ὅ
969 3235 972 3242 “
