2280 3432
169 79 216 132 274
481 75 665 126 Ἧτοαοςος
876 76 968 142 [vm

124 160 182 218 134
190 157 309 236 πέμψαι.
351 155 443 220 Οὗτος
460 154 476 216 ὁ
493 155 556 215 Μῦς
572 152 599 215 ἔς
616 177 648 214 τε
664 150 821 230 Λεβάδειαν
840 157 970 232 φαίνεται

170 245 344 321 ἀπικόμενος,
359 245 404 302 καὶ
418 244 510 321 μισθῷ
525 253 626 306 πείσας
641 247 697 303 τοῖν
715 244 866 321 ἐπιχωρίων
884 241 971 320 ἄνδρα

160 335 329 408 ,καταβῆναι
359 331 435 407 παρὰ
469 329 639 406 Τροφώνιον,
668 331 713 388 καὶ
747 336 774 393 ε’ς
801 329 897 407 Ἀβας
922 331 972 395 τάς

172 421 286 480 Φωκέων
306 417 472 495 α’πικόμενος
493 419 539 476 ἐπὶ
558 419 592 478 τό
612 417 792 497 χρηστήριον·
814 420 860 477 καὶ
878 419 912 495 δή
926 421 972 478 καὶ

173 513 201 570 ε’ς
213 507 313 583 Θήβας
325 509 422 583 πρώτα
436 505 471 568 ώς
489 504 613 574 ἀπίκετο,
627 510 711 565 τοῦτο
726 509 778 582 μὲν
789 511 828 584 τῷ
840 505 973 586 Ἰσμηνίῳ

115 621 121 670 ,ζ
172 594 331 656 Ἀπόλλωνι
342 592 493 672 ἐχρήσατο·
508 594 581 673 (ἔστι
595 593 632 663 δὲ,
644 593 766 670 κατάπερ
781 599 810 653 ε’ν
819 592 971 672 Ὀλυμπίῃ,

173 685 260 759 ίροῖσι
286 679 383 742 αῦάόθι
409 681 687 760 χρηστηριάζεσθαι)
721 684 804 740 τοῦτο
831 681 861 740 δὲ
884 681 972 751 ξεῖνόν

172 795 234 830 τινα
247 769 293 828 καὶ
307 767 339 829 οῦ
353 771 482 845 Θηβαῖον
495 769 623 848 χρήμασι
639 770 739 831 πείσας
755 770 932 845 κατεκοίμισε
945 775 974 832 ἒς

172 855 340 934 Ἀβφιάρεω.
385 857 518 933 Θηβαίων
531 857 561 915 δὲ
579 855 668 915 οῦδενὶ
684 856 775 924 ἔξεστι
787 855 974 933 μαντεύεσθαι
988 918 992 926 ,

174 944 279 1016 αὐτόθι,
293 944 338 1004 διά
355 944 428 1005 τόδε·
451 944 582 1004 ἐκέλευσέ
599 949 691 1019 σφεας
704 943 720 1003 ὁ
735 942 912 1020 Ἀμφιάρεως
928 945 973 1004 διά

173 1034 350 1112 χρηστηρίων
367 1031 528 1108 ποιεύμενος
548 1030 663 1107 ὁκότερα
682 1030 837 1107 βούλονται
858 1033 974 1093 ἑλέσθαι

172 1121 283 1195 τούτων,
300 1125 388 1200 ἑωυτῷ
400 1118 418 1196 ἢ
432 1119 481 1179 ἅτε
493 1118 577 1196 μάντι
590 1119 732 1196 χρέεσθαι,
743 1117 762 1195 ἢ
772 1119 820 1178 ἅτε
834 1120 974 1200 συμμάχῳ

173 1213 223 1268 τοῦ
237 1209 329 1285 ἑτέρου
343 1207 540 1286 α’πεχομένους·
558 1209 585 1266 οῖ
598 1207 628 1266 δὲ
641 1205 793 1286 σύμμαχόν
801 1233 850 1284 μιν
863 1207 974 1268 εἵλοντο

175 1295 253 1356 εἶναι·
288 1295 334 1355 διαὶ
359 1298 446 1356 τοῦτο
469 1297 521 1371 μὲν
542 1293 592 1354 οῦκ
614 1294 705 1364 ἔξεστι
726 1295 858 1370 Θηβαίων
885 1293 975 1356 οὐδενὶ

129 1383 187 1444 135
198 1383 296 1444 αὐτόθι
329 1383 608 1463 ἐγκατακοιμηθῆναι.
649 1380 719 1442 Τόδε
753 1382 782 1441 δὲ
816 1382 896 1460 θῶμά
924 1410 975 1460 μοι

174 1472 310 1552 μέγιστον
332 1470 464 1550 γενέσθαι
491 1469 605 1550 λέγεται
632 1469 687 1529 ῦπό
714 1471 855 1546 Θηβαίων·
883 1472 975 1530 ἐλθεῖν

174 1557 229 1636 άρα
245 1558 294 1618 τόν
311 1556 446 1634 Εῦρωπέα
463 1561 537 1628 Μῦν,
553 1558 821 1635 περιστρωφώμενον
836 1557 927 1618 πάντα
938 1558 975 1618 τά

174 1645 340 1724 χρηστήρια,
351 1645 397 1704 καὶ
411 1650 438 1707 ἐς
450 1648 500 1704 τοῦ
509 1644 610 1705 Πτώου
619 1645 799 1709 ’Λπόλλωνος
809 1645 841 1706 τό
852 1646 974 1722 τέμενος·

174 1735 258 1792 τοῦτο
276 1732 306 1792 δὲ
322 1731 356 1793 τό
374 1731 434 1811 ἱρόν
451 1733 580 1793 καλέεται
596 1734 648 1810 μὲν
666 1736 775 1804 Πτιῦον,
793 1733 855 1794 ἔστι
872 1734 902 1793 δὲ
919 1740 975 1810 Θη-

174 1820 272 1897 βαίων,
294 1821 384 1880 κέεται
404 1820 434 1880 δὲ
453 1820 523 1898 ῦπὲρ
543 1825 593 1897 τῆς
616 1821 763 1884 Κωπαίδος
786 1821 886 1899 λίμνης
905 1821 976 1898 πρός

176 1905 258 1986 οῦρεῖ,
280 1908 425 1990 ἀγχοτάτω
449 1907 630 1986 Ἀκραιφνίης
649 1909 758 1974 πόλιος·
794 1913 821 1972 ἐς
840 1913 922 1969 τοῦτο
941 1907 975 1969 τό

176 1996 236 2073 ίρόν
249 1999 311 2058 ε’πεί
325 2023 357 2058 τε
372 1998 523 2074 παρελθεῖν
538 1995 589 2056 τόν
605 1995 774 2073 καλεόμενον
788 2001 888 2056 τοῦτον
901 2000 975 2067 Μῦν,

176 2084 296 2148 ἕπεσθαί
307 2088 334 2144 οἱ
347 2087 402 2145 τοῖν
415 2083 508 2144 οἷστῶν
521 2083 645 2160 αἶρετοῦς
657 2081 758 2160 ἄνδρας
770 2087 844 2160 τρεῖς
857 2082 912 2144 ἀπό
925 2088 976 2144 τοῦ

177 2177 278 2243 κοινοῦ,
292 2172 327 2236 ώς
340 2170 588 2252 ἀπογραψομένους
599 2170 636 2231 τιῖ
650 2171 789 2231 θεσπιέειν
802 2173 913 2248 ἔμελλε·
930 2173 977 2231 καὶ
992 2179 994 2190 '

176 2259 299 2336 πρόκατε
311 2259 361 2320 τόν
373 2258 528 2335 πρόμαντιν
541 2256 682 2337 βαρβάρῳ
694 2257 816 2338 γλώσσῃ
828 2263 910 2338 χρᾶν·
931 2260 977 2318 καὶ

176 2345 241 2410 τοῦς
252 2349 304 2424 μὲν
317 2346 465 2422 ἑπομένους
477 2349 532 2408 τῶν
550 2347 684 2422 Θηβαίων
697 2351 726 2406 ἑν
742 2345 848 2423 θώματι
862 2347 977 2426 ἔχεσθαι

176 2431 327 2498 α’κοόοντας
344 2433 496 2511 βαρβάρου
514 2431 650 2515 γλώσσης
669 2432 730 2494 ἀντὶ
748 2432 896 2503 Ἑλλάδος,
914 2432 977 2494 οὐδὲ

177 2521 249 2600 ἔχειν
261 2518 278 2580 ὅ
291 2547 319 2582 τι
336 2522 492 2600 χρήσονται
506 2526 545 2601 τῷ
562 2521 693 2599 παρεόντι
710 2521 864 2604 πρήγματι·
884 2521 934 2582 τόν
947 2520 978 2580 δὲ

176 2607 312 2686 Εὐρωπέα
319 2614 385 2670 Μῦν
395 2608 593 2688 ἐξαρπάσαντα
604 2608 669 2687 παρ’
683 2607 774 2670 αῦτιῦν
782 2609 834 2686 τήν
845 2609 978 2687 ἐφέροντο

177 2697 285 2768 δέλτον,
298 2697 334 2758 τά
353 2697 492 2780 λεγόμενα
509 2695 565 2756 ῦπό
581 2699 632 2758 τοῦ
649 2696 800 2774 προφήτεω
818 2697 938 2779 γράφειν
951 2700 978 2759 ές

177 2783 272 2862 αῦτήν·
287 2783 375 2861 φάναι
386 2785 415 2844 δὲ
426 2785 519 2863 Καρίῃ
529 2810 578 2861 μιν
587 2783 708 2866 γλώσσῃ
718 2788 799 2864 χρῦν·
814 2781 979 2867 συγγραψά-

177 2899 261 2950 μενον
274 2873 304 2932 δὲ
317 2873 446 2952 οἴχεσθαι
459 2871 579 2930 α’πιόντα
592 2876 619 2934 ἐς
633 2873 808 2949 Θεσσαλίην.

131 2961 189 3021 136
239 2959 398 3038 Μαρδόνιος
413 2958 442 3026 δὲ
461 2957 657 3034 ἐπιλεξάμενος
674 2958 690 3018 ὅ
706 2985 735 3018 τι
752 2959 786 3036 δή
806 2959 842 3035 ἦν
858 2960 979 3041 λέγοντα

177 3047 214 3107 τά
243 3045 409 3126 χρηστήρια,
445 3043 516 3122 μετά
548 3050 636 3106 ταῦτα
669 3047 775 3123 ἔπεμψε
801 3047 925 3128 ἄγγελον
951 3051 979 3111 ἑς

177 3133 295 3211 Ἀθήνας
304 3131 489 3209 Ἀλέξανδρον
500 3130 550 3192 τόν
562 3131 711 3210 Ἀμύντεω,
722 3133 808 3212 ἄνδρα
818 3133 978 3195 Μακεδόνα·

179 3221 237 3297 ἅμα
249 3224 301 3298 μὲν
314 3222 357 3282 ὅτι
371 3222 398 3280 οῖ
411 3219 582 3296 προσκηδέες
595 3223 622 3280 οἱ
636 3222 747 3295 Πέρσαι
763 3221 847 3298 ἦσαν·
868 3222 978 3298 (Ἀλεξ-
