2294 3430
165 108 273 173 ιιι-ιι]
475 107 661 161 παιυιικιι.
926 115 972 164 ιιι

164 185 216 262 τήν
231 185 302 264 ἐμήν
320 185 423 262 σκευήν
439 191 545 256 πᾶσαν,
559 187 606 246 καὶ
623 187 699 252 ἐνδύς
717 188 789 265 μετά
802 193 886 250 τοῦτο
900 191 971 262 ἵζοιο

165 273 193 338 ἐς
217 275 268 337 τόν
290 273 357 350 ἐμόν
379 273 485 351 θρόνον,
508 275 555 334 καὶ
578 277 673 335 ἔπειτα
696 281 725 336 ἐν
750 277 828 356 κοίτη
854 281 890 356 τῇ
918 283 971 358 ἐμῇ

165 361 397 424 κατυπνώσειας.”
434 361 539 440 Ξέρξης
552 364 604 439 μὲν
620 363 709 424 ταῦτά
724 368 750 424 οἱ
764 366 852 446 ἔλεγε·
873 365 971 444 Ἀρτά-
983 368 1019 424 16

164 451 296 526 βανοςδὲ
310 449 342 508 ού
355 453 394 528 τῷ
406 448 506 528 πρώτῳ
520 453 548 510 οἱ
562 449 733 528 κελεύσματι
746 451 910 529 πειθόμενος
924 454 970 512 οἶα

165 537 216 597 ούκ
243 536 402 615 ἀξιεύμενος
424 541 452 600 ἐς
472 537 521 597 τόν
544 536 702 614 βασιλήϊον
724 539 824 616 θρόνον
853 541 971 612 ἵζεσθαι,

163 625 247 689 τέλος
259 625 295 689 ώς
307 623 488 704 ἠναγκάζετο,
503 627 582 688 εἴπας
594 625 661 686 τάδε
675 627 765 686 ἐποίεε
778 627 811 688 τδ
825 629 971 706 κελευόμε-

165 739 222 772 νον·
264 712 356 772 “’ίσον
373 711 505 783 ἐκεῖναί)
522 715 657 790 βασιλεῦ,
676 714 741 791 παρ’
761 716 823 791 ἐμοὶ
841 717 971 792 κέκριται,
985 725 991 738 ”

166 803 295 876 φρονέειν
312 826 343 861 τε
362 799 392 859 εὖ
411 801 458 860 καὶ
475 804 513 878 τῷ
531 802 644 881 λέγοντι
661 802 775 880 χρηστοὶ
794 803 901 864 ἐθέλειν
913 805 971 863 πεί·
1042 817 1050 864 ί

165 888 276 949 θεσθαι·
297 887 334 949 τά
348 891 384 948 σέ
398 888 443 948 καὶ
457 887 606 964 α’μφότερα
623 888 800 964 περιήκοντα,
819 889 971 966 ἀνθρώπων
998 904 1005 934 ³

165 981 257 1035 κακῶν
277 975 387 1053 ὁμιλίαι
412 973 591 1052 σφάλλουσι·
617 975 688 1034 κατά
709 1002 762 1052 περ
783 975 836 1051 τήν
861 976 972 1038 πάντων

164 1062 381 1141 χρησιμωτάτην
391 1061 565 1140 ἀνθρώποισι
575 1061 727 1123 θάλασσαν
739 1063 883 1140 πνεύματά
897 1071 972 1140 φασι
995 1071 1009 1083 ”

165 1149 272 1228 οἷνέμων
294 1152 474 1228 ἐμπίπτοντα,
497 1149 530 1210 ού
550 1156 683 1229 περιορᾶν
705 1150 792 1227 φύσει
812 1156 849 1229 τῇ
872 1155 973 1228 ἑωυτῆς
997 1150 1000 1159 “

164 1240 300 1316 χρῆσθαι.
341 1240 390 1315 ἐμὲ
414 1239 444 1298 δὲ
465 1236 625 1299 ἀκούσαντα
648 1239 718 1316 πρός
742 1241 794 1298 σεῦ
822 1242 912 1302 κακῶς
939 1239 1020 1314 ούβέ,

165 1329 287 1385 τοσοῦτο
315 1327 394 1386 ἔδακε
420 1325 507 1402 λύπη,
534 1325 613 1396 ὅσον,
640 1328 770 1408 γνωμέων
793 1326 842 1386 δύο
862 1353 971 1404 προκει-

164 1414 267 1490 μενέων
281 1414 513 1493 Πέρσησι,-τῆς
525 1415 577 1491 μὲν
589 1413 673 1492 ὕβριν
686 1414 860 1490 αὐξανούσης
872 1417 923 1490 τῆς
936 1414 966 1474 δὲ
981 1413 1020 1488 μα’

165 1501 388 1578 καταπαυούσης,
403 1503 450 1560 καὶ
462 1501 604 1583 λεγούσης
617 1501 652 1565 ώς
671 1503 756 1564 κακόν
771 1503 812 1578 εἴη
826 1500 968 1563 διδάσκειν

167 1589 219 1664 τήν
233 1591 326 1668 ψυχήν
339 1589 428 1650 πλέον
441 1615 469 1652 τι
484 1590 613 1666 δίζησθαι
632 1591 686 1650 αἰεὶ
703 1592 776 1670 ἔχειν
791 1594 842 1650 τοῦ
855 1590 972 1668 παρεόν·
984 1590 994 1662 ,’
1004 1593 1023 1612 ”

164 1678 407 1746 τος-τοιουτέων
417 1679 617 1754 προκειμενέων
630 1679 767 1758 γνωμέων,
780 1677 823 1739 ὅτι
832 1678 884 1754 τήν
894 1685 971 1755 σφα-

165 1766 320 1842 λερωτέρην
337 1768 449 1842 σεωυτῷ
467 1789 498 1823 τε
512 1765 558 1822 καὶ
571 1764 706 1842 Πέρσῃσι
721 1765 841 1844 οἷναίρεο·
863 1770 911 1826 νῦν
925 1765 970 1837 ὧν,
1012 1763 1017 1800 1

166 1853 260 1928 ἐπειδή
280 1851 417 1928 τέτραψαι
440 1851 485 1910 ἐπὶ
502 1851 554 1925 τήν
575 1850 685 1927 α’μείνω,
707 1852 763 1930 φῄς
783 1879 827 1910 τοι
847 1852 974 1928 μετιέντι,
1004 1874 1008 1894 ··

164 1941 214 2002 τόν
237 1940 279 1998 ἐπ’
298 1940 443 2012 Ἕλληνας
466 1937 573 1996 στόλον
597 1941 747 2012 ἐπιφοιτᾶν
770 1937 876 2014 ὄνειρον
904 1940 970 1998 θεοῦ

164 2051 238 2088 τινος
259 2029 367 2101 πομπῇ,
383 2023 432 2082 ούκ
454 2022 540 2082 ἐῶντά
560 2047 595 2080 σε
616 2021 766 2082 καταλύειν
785 2025 834 2082 τόν
852 2024 969 2084 στόλον·

119 2104 121 2107 V
166 2111 232 2170 ἀλλ’
247 2111 309 2170 οὐδὲ
327 2109 417 2170 ταῦτα’
435 2115 505 2180 ἐστι,
520 2109 541 2168 ὦ
559 2113 619 2178 παῖ,
634 2109 704 2168 θεῖα·
730 2109 843 2170 ἐνύπνια
860 2110 915 2192 γὰρ
934 2111 970 2171 τά

163 2205 194 2264 ιἐς
206 2199 368 2277 ἀνθρώπους
385 2197 587 2274 πεπλανημένα
603 2197 719 2256 τοιαῦτά
732 2202 795 2258 ἐστι
808 2197 854 2257 οἶά
868 2224 903 2257 σε
917 2198 971 2280 ἐγώ

104 2299 105 2306 ’
166 2289 273 2360 διδάξω,
296 2290 371 2348 ἔτεσι
395 2290 447 2347 σεῦ
467 2289 607 2346 πολλαῖσι
626 2285 820 2364 πρεσβύτερος
840 2285 901 2348 ἐών·
922 2313 969 2346 πε-

165 2379 330 2455 πλανῆσθαι
344 2374 426 2438 αὗται
439 2374 568 2452 μάλιστα
582 2374 687 2434 ἐώθασι
701 2377 729 2434 αἱ
743 2373 821 2454 ὄφιες
833 2379 888 2436 τῶν
902 2376 970 2436 ὄνει-

165 2466 263 2542 ράτων,
281 2466 317 2528 τά
337 2493 379 2529 τις
398 2464 504 2543 ήμέρης
523 2463 674 2540 φροντίζει’
698 2462 779 2540 ήμεῖς
799 2464 828 2523 δὲ
848 2464 898 2528 τοὶς
916 2464 971 2541 πρὸ

166 2558 215 2612 τοῦ
232 2553 338 2632 ἡμέρας
355 2553 459 2630 ταύτην
476 2551 529 2627 τήν
548 2552 763 2628 στρατηλασίην
777 2552 823 2610 καὶ
835 2551 868 2613 τδ
884 2552 971 2630 κάρτα

167 2641 277 2718 εἴχομεν
286 2641 358 2718 μετὰ
367 2645 473 2722 χεῖρας·
495 2640 559 2700 εἰδὲ
571 2638 625 2716 άρα
638 2638 678 2716 μή
694 2641 754 2699 ἔστι
767 2645 850 2700 τοῦτο
860 2645 971 2700 τοιοῦτο

167 2726 225 2785 οἶον
239 2729 293 2808 ε’γιδ
306 2731 422 2807 διαιρέω,
437 2728 515 2789 άλλά
527 2753 555 2787 τι
568 2731 619 2787 τοῦ
639 2729 703 2787 θεοῦ
721 2729 848 2807 μετέχον,
863 2729 900 2787 σύ
914 2733 970 2788 πᾶν

168 2812 250 2876 αύτός
267 2817 424 2892 συλλαβών
443 2817 561 2893 εἴρηκας·
583 2815 699 2891 φανήτω
717 2815 773 2896 γάρ
791 2816 824 2891 δή
844 2817 890 2874 καὶ
909 2817 971 2892 ἐμοὶ

168 2899 203 2962 ὥς
217 2901 262 2958 καὶ
276 2903 324 2960 σοὶ
338 2903 574 2979 διακελευόμενον.
596 2907 719 2979 φανῆναι
728 2903 758 2962 δὲ
769 2902 847 2963 ούδὲν
857 2903 971 2979 μᾶλλόν

167 3013 217 3065 μοι
236 2987 349 3064 ὀφείλει
369 2991 461 3068 ἔχοντι
480 2991 532 3067 τήν
552 2991 609 3066 σήν
630 2992 738 3066 ἐσθῆτα
757 2989 775 3067 ἢ
796 2990 828 3050 ού
850 2990 896 3047 καὶ
919 2989 970 3066 τήν

168 3075 247 3153 ἐμήν·
272 3075 335 3136 ούδέ
351 3103 379 3137 τι
396 3080 510 3152 μᾶλλον
528 3083 558 3138 έν
575 3079 654 3158 κοίτη
667 3083 703 3158 τῇ
717 3073 758 3157 σή
772 3077 971 3156 ἀναπαυομένῳ

167 3164 231 3242 ἢού
255 3168 301 3228 καὶ
324 3172 353 3228 ἐν
376 3169 412 3244 τῇ
436 3170 500 3245 ἐμή·
530 3167 605 3242 εἴπερ
632 3193 665 3246 γε
693 3167 738 3224 καὶ
766 3165 860 3227 ἄλλως
880 3165 971 3225 ἐθέλει

167 3259 299 3333 φανῆναι·
321 3255 353 3316 ού
373 3254 428 3336 γάρ
445 3252 484 3329 δή
506 3257 533 3316 ἐς
552 3253 673 3312 τοσοῦτό
688 3278 722 3332 γε
736 3250 862 3328 εὐηθείης
875 3253 970 3329 ἀνήκει
