2280 3432
160 93 215 144 270.
468 89 649 140 τινοιοτου
869 87 967 154 [vm.-
1120 93 1126 152 ,ι

159 169 382 249 οἷνθροίπων,τοῖν
395 173 475 248 ήμεῖς
488 169 757 248 ίδμεν,Σπαρτιῇται
767 169 969 248 προέπεμψανζ·
1125 169 1126 214 ί

113 261 169 318 125
178 258 227 322 Ὡς
240 259 270 317 δὲ
283 264 313 317 ἐκ
326 263 377 333 τῆς
386 258 594 335 Λακεδαίμονος
607 257 722 317 ἀπίκετο
733 262 761 320 ἐς
773 255 823 320 τοὶς
831 255 961 333 Ἀθήνας,

161 347 279 406 ἐνθαῦτα
294 345 453 422 Τιμόδημος
465 344 636 420 Ἀφιδναῖος,
649 349 705 405 τοῖν
724 345 831 424 ἐχθρῶν
842 346 894 421 μὲν
906 349 964 406 τιῖν,

160 433 367 510 Θεμιστοκλέος
402 431 460 502 ἐοῖν,
488 431 582 496 άλλως
610 434 640 492 δέ
666 432 699 492 οὐ
726 437 780 493 τοῖν
806 435 962 508 ἐπιφανέων

159 521 271 599 οἶνδρῶν,
294 519 390 600 φθόνιρ
411 521 609 600 καταμαργέων
636 521 735 580 ἐνείκεε
754 519 805 580 τόν
824 527 962 598 Θεμιστο-

159 610 236 683 κλέα,
250 608 303 684 τήν
322 613 350 672 ἐς
366 609 560 685 Λακεδαίμονα
578 607 672 678 ἄπιξιν
689 609 844 686 προφέρων,
863 609 899 674 αῖς
915 603 961 671 διό

158 695 208 759 τὰς
223 696 343 773 Ἀθήνας
359 698 418 776 ἔχοι
434 695 469 756 τὰ
486 697 569 778 γέρεα
584 695 620 757 τά
637 696 713 774 παραὶ
726 697 958 774 Λακεδαιμονίων,

158 783 223 844 ἀλλ’
238 784 270 844 οὔ
288 785 322 844 δι’
339 785 448 846 ἐωυτόν·
470 785 485 846 ό
502 785 540 855 δέ,
555 785 617 844 ἐπεί
631 811 663 844 τε
676 783 726 844 οὐκ
742 783 859 844 ἐπαύετο
872 790 961 848 ταῦτα

159 873 249 954 λέγων
264 873 279 932 ό
297 873 464 951 Τιμόδημος,
484 873 553 932 εἶπε·
574 871 672 933 “οι’ίτω
695 873 752 951 ἔχει
773 899 826 932 τοι·
848 871 904 932 οὔτ’
926 873 956 935 ἂι

159 961 219 1042 ἐγώ,
235 961 286 1022 ἐοῖν
302 963 478 1038 Βελβινίτης,
500 960 633 1037 ἐτιμήθην
649 959 720 1020 οὕτω
735 958 806 1037 πρός
822 961 959 1039 Σπαρτιη-

156 1049 234 1110 τέων·
256 1048 312 1110 οιῖτ’
326 1047 361 1108 ἂν
374 1049 420 1119 σύ,
435 1049 573 1125 ὤνθρωπε,
591 1048 643 1108 ἐοῖν
658 1046 831 1124 Ἀθηναῖος.”
871 1053 958 1112 ταῦτα

157 1137 209 1212 μέν
223 1164 271 1197 νυν
284 1143 311 1201 ἐς
323 1142 444 1198 τοσοῦτο
460 1138 575 1217 ἐγένετο.

112 1225 167 1282 126
217 1223 392 1302 Ἀρτάβαζος
412 1224 442 1284 δέ
464 1223 480 1284 ό
502 1223 666 1302 Φαρνάκεος,
687 1223 756 1303 ἀνήρ
779 1229 808 1286 ἐν
826 1228 960 1306 Πέρσησι

157 1311 275 1394 λόγιμος
289 1313 334 1372 καὶ
348 1311 458 1390 πρόσθε
472 1311 530 1382 ἐοῖν,
546 1317 576 1372 ἐκ
595 1313 625 1372 δέ
641 1315 696 1372 τῶν
715 1318 895 1374 Πλαταιῖκοῖν
913 1316 959 1374 καὶ

156 1404 270 1475 μᾶλλον
292 1403 331 1461 ἔτι
355 1399 510 1482 γενόμενος,
535 1402 604 1478 ἔχων
627 1399 658 1469 ἐξ
678 1401 812 1478 μυριάδας
835 1409 958 1479 στρατοῦ

157 1486 208 1554 τόν
220 1487 380 1565 Μαρδόνιος
393 1489 546 1558 ἐξελέξατο,
559 1488 722 1566 προέπεμπε
735 1489 862 1565 βασιλέα
874 1492 958 1569 μέχρι

157 1579 207 1633 τοῦ
221 1574 318 1652 πόρου·
340 1574 375 1638 είς
388 1575 417 1633 δὲ
430 1574 446 1634 ό
459 1578 511 1650 μὲν
526 1574 561 1651 ἦν
580 1581 608 1635 ἐν
626 1574 767 1655 τῇἈσίη,
782 1576 799 1637 ό
817 1577 847 1636 δὲ
866 1576 958 1638 ὀπίσω

156 1661 340 1738 πορευόμενος
357 1661 427 1721 κατά
445 1662 497 1737 τήν
510 1662 667 1739 Παλλήνην
686 1665 798 1746 ἐγίνετο,
813 1664 861 1724 ἅτε
877 1671 957 1744 Μαρ-

157 1749 248 1810 δονίου
281 1776 312 1810 τε
344 1751 548 1830 χειμερίζοντος
573 1752 638 1829 περὶ
664 1753 829 1829 Θεσσαλίην
854 1777 885 1812 τε
912 1755 958 1813 καὶ

157 1837 340 1915 Μακεδονίην,
355 1840 401 1898 καὶ
415 1838 494 1900 οὐδέν
511 1867 548 1900 κω
568 1842 778 1923 κατεπείγοντος
794 1841 871 1917 ήκειν
884 1846 912 1904 ἐς
924 1842 957 1902 τό

156 1924 231 1986 ἄλλο
245 1927 443 2005 στρατόπεδον,
458 1928 507 1988 οὐκ
522 1929 649 1999 ἐδικαίου,
664 1929 784 2010 ἐντυχεῖν
798 1929 957 1990 ἀπεστεῶσι

157 2015 370 2095 Ποτιδαιήτῃσι,
384 2015 425 2094 μή
440 2015 489 2076 οὐκ
504 2018 796 2095 ἐξανδραποδίσασθαί
806 2024 908 2094 σφεας·
930 2022 958 2078 οῖ

155 2103 210 2184 γοὶρ
228 2105 420 2181 Ποτιδαιῆται,
435 2104 470 2170 οῖς
485 2106 624 2182 βασιλεῦς
640 2105 865 2182 παρεξεληλάκεε
881 2106 957 2167 καὶὸ

155 2193 281 2257 ναυτικός
298 2197 375 2254 τοῖσι
395 2196 528 2272 Πέρσησι
548 2193 661 2272 οἰχοίκεε
682 2193 792 2274 φεύγων
812 2199 842 2253 ἐκ
864 2197 957 2260 Σαλα-

155 2283 243 2356 μῖνος,
267 2286 297 2339 ἐκ
323 2285 374 2341 τοῦ
398 2285 520 2358 φανεροῦ
547 2281 713 2340 α’πέστασαν
734 2280 790 2338 α’πδ
810 2285 865 2340 τῶν
884 2284 956 2360 βαρ-

154 2367 261 2445 βάρων·
283 2367 318 2432 ιδς
332 2369 361 2428 δὲ
376 2369 421 2426 καὶ
440 2367 528 2427 ὧλλοι
547 2371 573 2426 οἱ
588 2367 640 2442 τήν
660 2366 818 2442 Παλλήνην
836 2368 956 2446 ἔχοντες.

156 2457 274 2516 ἐνθαῦτα
287 2455 322 2530 δή
335 2455 351 2516 ό
364 2453 540 2533 Ἀρτάβαζος
555 2453 716 2529 ἐπολιόρκεε
728 2453 779 2530 τήν
794 2454 953 2533 Ποτιδαίην.

110 2543 368 2606 127Ὑποπτειίσας
391 2543 421 2602 δὲ
447 2543 492 2602 καὶ
512 2541 577 2605 τούς
596 2540 760 2605 Ὀλυνθίους
779 2541 956 2606 α’πίστασθαι

154 2629 210 2690 άπὸ
236 2630 383 2706 βασιλέος,
412 2631 458 2688 καὶ
483 2628 587 2705 ταύτην
614 2629 783 2706 ἐπολιόρκεε·
822 2632 899 2710 εἶχον
926 2634 956 2693 δὲ

155 2717 240 2793 αὐτήν
259 2721 400 2778 Βοττιαῖοι
421 2720 448 2777 οῖ
468 2721 505 2776 ἐκ
518 2721 568 2778 τοῦ
582 2717 722 2795 Θερμαίου
740 2717 847 2779 κόλπου
861 2720 953 2790 ἐξανα·

155 2805 270 2868 στάντες
282 2804 338 2865 ιῖπδ
353 2805 529 2867 Μακεδόνων·
551 2807 610 2866 ἐπεὶ
624 2807 655 2866 δέ
664 2813 756 2884 σφεας
770 2807 828 2868 εῖλε
841 2813 954 2884 πολιορ-

156 2894 230 2968 κέων,
246 2896 405 2972 κατέσφαξε
422 2895 564 2978 ἐξαγαγοῖν
580 2902 607 2960 ἐς
625 2896 736 2973 λίμνην·
756 2895 809 2973 τήν
828 2896 857 2955 δέ
870 2895 955 2956 πόλιν

154 2983 302 3060 παραδιδοῖ
321 2984 509 3064 Κριτοβούλῳ
530 2985 675 3063 Τορωναίῳ
696 2984 891 3062 ἐπιτροπεύειν,
908 2985 954 3042 καὶ

154 3074 192 3148 τῷ
206 3072 366 3152 Χαλκιδικῷ
382 3075 465 3157 γένεϊ·
487 3075 533 3133 καὶ
554 3072 624 3134 οὕτω
639 3071 782 3132 Ὄλυνθον
802 3071 955 3133 Χαλκιδέες

129 3157 165 3215 ῖδ
175 3157 271 3238 ἐσχον.
310 3160 431 3232 Ἐξελοῖν
445 3162 474 3221 δέ
487 3160 589 3238 ταύτην
602 3159 618 3221 ό
631 3159 806 3239 Ἀρτάβαζος
818 3163 853 3237 τῇ
868 3163 954 3216 Ποτι-

154 3242 218 3322 δαίῃ
234 3251 415 3327 ἐντεταμένως
433 3253 578 3329 προσεῖχε·
598 3249 769 3327 προσέχοντι
788 3245 820 3308 δέ
838 3247 866 3305 οῖ
884 3267 953 3321 προ-
