2280 3432
169 126 310 189 198-202]
491 124 678 173 ΠΟΑΤΜΝΙΑ.
920 121 969 168 203

167 201 305 280 Ἡρακλέι·
322 206 458 283 καιομένῳ
475 203 562 285 λόγος
577 202 639 262 ἐστὶ
657 201 843 276 όναφαιοᾷναι·
863 200 920 261 ἅπῦ
940 201 971 260 δὲ

167 289 276 360 τούτου,
298 291 331 350 δι’
351 291 447 352 ἄλλων
471 292 560 351 εἴκοσι
588 290 715 360 σταδίων,
736 287 826 352 ἄλλος
845 288 971 367 ποταμός

169 383 239 449 ε’στι,
250 378 281 442 ῦς
294 381 425 440 καλέεται
438 381 544 443 Μέλας.
578 379 682 458 Τρηχὶς
695 378 724 437 δὲ
737 375 821 440 πόλις
833 375 890 437 όπδ
899 379 950 437 τοῦ
961 379 1016 437 199

169 467 301 531 Μέλανος
307 467 409 528 τούτου
418 473 548 544 ποταμοῦ
558 469 640 527 πέντε
651 466 753 526 στάδια
762 464 870 544 α’πέχει·
884 465 971 543 ταύτῃ

168 554 198 614 δὲ
209 556 255 614 καὶ
266 554 415 634 εύρύτατόν
425 561 487 616 ε’στι
496 554 592 632 πόσης
603 559 655 630 τῆς
664 555 755 633 χώρης
764 553 866 630 ταύτης
876 559 906 612 εἰς
916 556 972 614 τῶν

169 641 270 719 ούρέων
298 649 325 706 ἐς
351 642 512 714 θάλασσαν,
539 642 637 702 κατ’όῖ
661 642 764 720 Τρηχὶς
789 640 971 702 πεπόλισται·

169 729 297 808 δισχιλιό
322 756 353 790 τε
372 729 428 810 γδρ
450 731 496 788 καὶ
516 729 650 806 δισμύρια
672 729 783 806 πλέθρα
805 731 855 788 τοῦ
876 728 972 788 πεδίου

169 817 241 875 ε’στί·
274 821 325 877 τοῦ
352 816 382 875 δὲ
408 816 503 894 οὔρεος
528 817 561 876 τό
585 815 741 893 περικληίει
766 814 818 892 τὴν
843 820 898 895 γῆν
918 815 972 891 τήν

169 903 328 982 Τρηχινίην,
338 905 400 963 ἔστι
410 904 538 979 διασφὰξ
549 903 621 979 πρδς
629 902 813 979 μεσαμβρίην
826 907 971 980 Τρηχῖνος·

170 990 216 1049 διαὶ
236 991 266 1050 δὲ
285 995 336 1067 τῆς
356 991 517 1072 διασφάγος
528 989 659 1053 Ἀσωπός
678 989 805 1065 ποταμός
820 990 876 1064 ῥέει
895 989 972 1065 παρὰ

78 1042 154 1227 W
170 1076 223 1153 τὴν
242 1078 369 1156 ύπωρέην
388 1083 438 1138 τοῦ
460 1078 564 1156 ούρεος.
600 1077 687 1137 Ἔστι
706 1077 736 1136 δὲ
751 1076 841 1140 ἄλλος
856 1077 953 1146 Φοίνιξ
961 1077 1020 1136 200

50 1219 95 1234 μ-
170 1167 296 1244 ποταμός
315 1166 347 1227 ού
362 1169 457 1248 μέγας,
475 1167 545 1246 πρδς
563 1167 747 1244 μεσαμβρίην
764 1169 814 1226 τοῦ
829 1164 972 1224 Ἀσωποῦ·

171 1253 202 1316 ῦς
228 1259 258 1314 ἐκ
284 1259 340 1315 τῶν
359 1253 461 1332 οὐρέων
486 1253 591 1315 τούτων
615 1255 691 1332 ῥέων,
719 1259 746 1317 ἐς
772 1251 822 1312 τόν
841 1251 974 1312 Ἀσωπόν

172 1342 279 1402 ἐκδιδοῖ
323 1342 394 1403 κατὰ
407 1343 437 1402 δὲ
455 1341 504 1403 τόν
522 1343 637 1403 Φοίνικα
652 1340 780 1418 ποταμόν
793 1339 973 1400 στεινότατόν

172 1434 243 1490 ε’στι·
265 1430 399 1509 οἶμαξιπδς
411 1431 466 1512 γόρ
479 1433 530 1508 μία
542 1430 632 1508 μούνη
646 1430 787 1507 δέδμηται·
808 1427 864 1488 ἀπό
878 1429 907 1487 δὲ
921 1433 972 1488 τοῦ

172 1519 299 1583 Φοίνικος
313 1524 442 1596 ποταμοῦ
457 1519 652 1579 πεντεκαίδεκα
668 1516 770 1578 στόδιοί
786 1521 848 1577 ἐστι
864 1521 891 1580 ἐς
905 1516 972 1593 Θέρ-

172 1606 310 1679 μοπύλος·
345 1611 374 1667 έν
394 1607 424 1666 δὲ
442 1611 481 1686 τῷ
502 1606 608 1683 μεταξύ
628 1607 755 1669 Φοίνικος
776 1607 906 1681 ποταμοῦ
926 1604 972 1663 καὶ

174 1697 376 1771 Θερμοπυλέων
397 1693 474 1772 κύμη
498 1696 530 1755 τέ
556 1701 625 1769 ε’στι,
653 1698 689 1773 τῇ
716 1691 821 1771 οὕνομα
847 1691 973 1769 Ἀνθήλη

173 1786 268 1852 κεῖται,
279 1783 344 1860 παρ’
354 1783 389 1858 ἢν
398 1782 432 1859 δή
443 1784 606 1860 παραρρέων
619 1782 635 1842 ὁ
644 1781 775 1846 Ἀσωπός
785 1787 812 1846 ἐς
820 1780 974 1843 θάλασσαν

173 1870 282 1939 ἐκδιδοῖ,
304 1870 350 1928 καὶ
371 1874 462 1948 χῶρος
482 1871 546 1946 περὶ
564 1870 650 1944 αῦτήν
669 1869 754 1946 εύρύς,
773 1874 802 1929 ε’ν
819 1872 858 1947 τῷ
876 1868 973 1944 Δήμη-

172 1956 237 2032 τρός
252 1982 282 2015 τε
302 1956 362 2032 ἱρόν
378 1956 610 2032 Ἀμφικτυονίδος
626 1956 740 2032 ἵδρυται,
760 1956 806 2014 καὶ
825 1955 900 2032 ἕδραι
918 1955 974 2016 εἰσὶ

172 2042 372 2119 Ἀμφικτυόσι,
386 2044 432 2101 καὶ
445 2042 531 2103 αὐτοῦ
543 2048 594 2103 τοῦ
606 2042 811 2120 Ἀμφικτυόνος
825 2041 893 2119 ἱρόν.

214 2130 355 2193 Βασιλεύς
373 2132 426 2206 μὲν
446 2130 480 2206 δη
504 2131 610 2207 Ξέρξης
636 2129 883 2207 ἐστρατοπεδεύετο
903 2132 954 2206 τῆς
962 2131 1019 2190 201

174 2219 304 2296 Μηλίδος
320 2223 349 2278 έν
363 2223 399 2297 τῇ
417 2219 561 2298 Τρηχινίῃ·
583 2221 610 2278 οἱ
627 2219 657 2278 δὲ
677 2217 711 2294 δὴ
727 2217 875 2293 Ἕλληνες,
894 2222 923 2278 ἐν
937 2221 974 2295 τῇ

173 2307 264 2386 διόδῳ·
293 2306 435 2387 (καλέεται
455 2307 486 2366 δὲ
508 2309 637 2386 όχῶρος
658 2304 739 2370 οὗτος
764 2304 820 2366 ύπό
845 2307 898 2381 μὲν
918 2306 974 2364 τιῦν

173 2396 298 2456 πλεόνων
324 2393 469 2470 Ἑλλήνων
495 2394 685 2472 Θερμοταύλαι,
706 2393 760 2454 ύπῦ
782 2394 813 2452 δὲ
838 2397 894 2454 τῶν
917 2397 974 2452 ε’πι-

173 2485 280 2562 χωρίων
300 2485 347 2542 καὶ
372 2485 518 2561 περιοίκων
544 2483 661 2563 Πύλαι.)
704 2481 972 2560 ἐστρατοπεδεύοντο

173 2571 226 2644 μέν
238 2596 286 2630 νυν
300 2571 423 2648 ἑκάτεροι
437 2577 466 2632 έν
478 2571 605 2632 τούτοισι
617 2575 694 2631 τοῖσι
706 2571 844 2650 χωρίοισι·
862 2569 975 2647 ἐπεκρό-

174 2681 218 2715 τεε
231 2657 287 2716 δὲό
300 2661 352 2734 μὲν
363 2663 419 2718 τῶν
431 2660 501 2736 πρός
513 2661 606 2736 βορῆν
619 2655 721 2736 όνεμον
734 2657 853 2737 ε’χόντων
865 2657 976 2717 πάντων

174 2743 258 2821 μέχρι
267 2748 412 2823 Τρηχῖνος,
423 2751 450 2806 οἱ
459 2747 490 2806 δὲ
498 2751 553 2807 τῶν
562 2746 634 2824 πρός
643 2746 724 2806 νότον
734 2746 780 2805 καὶ
792 2745 976 2823 μεσαμβρίην

176 2830 326 2906 φερόντων,
340 2831 381 2908 [6-
388 2833 433 2891 ε’πὶ
446 2833 548 2908 ταύτης
560 2839 611 2910 τῆς
624 2833 749 2911 ἠπείρου.

209 2917 310 2978 Ἦσαν
337 2917 366 2977 δὲ
394 2920 451 2978 οἶδε
477 2920 621 2996 Ἑλλήνων
646 2924 673 2980 οἱ
699 2921 883 2996 ύπομένοντες
905 2919 955 2980 τόν
963 2920 1024 2980 202

177 3007 293 3083 Πέρσην
314 3005 450 3086 ἐντούτῳ
470 3012 508 3086 τῷ
528 3008 618 3088 χοίρῳ·
640 3009 836 3084 Σπαρτιητέων
852 3032 884 3066 τε
899 3031 974 3082 τριη-

176 3093 269 3154 κόσιοι
280 3092 402 3166 ὁπλῖται,
416 3095 462 3153 καὶ
475 3097 631 3176 Τεγεητέων
645 3097 691 3154 καὶ
704 3093 866 3154 Μαντινέων
878 3093 976 3172 χίλιοι,

175 3181 291 3258 ’ἡμίσεες
310 3182 452 3258 ἑκατέρων·
480 3182 511 3252 ἔξ
524 3182 698 3261 Ὀρχομενοῦ
718 3208 749 3240 τε
766 3184 816 3256 τῆς
830 3179 978 3258 Ἀρκαδίης

177 3271 266 3331 εἴκοσι
277 3272 323 3330 καὶ
334 3269 440 3341 ἑκατόν,
451 3271 497 3329 καὶ
511 3276 541 3330 ἐκ
551 3274 601 3344 τῆς
614 3273 716 3346 λοιπῆς
722 3266 869 3345 Ἀρκαδίης
878 3267 977 3348 χίλιοι.
