2294 3430
169 110 281 186 ιιι-μι]
487 107 673 158 nomam.
925 107 971 159 ιιι

173 187 321 264 ἀδελφεάς·
344 187 428 248 τοῦτό
448 211 484 248 σε
505 187 620 265 ῥύσεται
637 186 746 264 μηδένα
764 184 842 256 άξιον
864 185 969 262 μισθόν

171 278 276 354 λαβεῖν
294 276 381 335 ἐπέων
400 275 534 352 ματαίων·
556 275 604 333 καί
614 301 657 334 τοι
670 273 772 350 ταύτην
787 273 839 349 τὴν
859 272 970 349 ἀτιμίην

173 364 346 441 προστίθημι
367 363 439 423 ἐόντι
456 367 529 441 κακῷ
541 389 572 421 τε
586 363 632 421 καὶ
645 361 750 440 ἀθύμῳ,
763 361 834 438 μήτε
847 387 969 437 συστρα-

173 449 303 512 τεύεσθαι
322 452 386 528 ἐμοί
403 477 436 531 γε
457 450 502 510 ἐπὶ
522 449 574 525 τὴν
586 449 713 509 Ἑλλάδα
734 449 817 508 αὐτοῦ
832 474 863 508 τε
878 449 970 525 μένειν

174 537 233 616 άμα
245 543 313 617 τὴσι
326 539 443 619 γυναιξί·
465 537 518 618 ἐγιδ
532 539 561 597 δέ
575 538 621 596 καὶ
634 535 698 598 ἄνευ
711 537 762 596 σέο
776 535 883 613 ὅσαπερ
904 536 970 594 εἶπα

174 625 303 685 ἐπιτελέα
329 625 451 701 ποιήσω·
486 625 526 703 μὴ
550 625 604 707 γάρ
632 626 690 701 εἵην
717 629 747 682 ἐκ
775 625 894 701 Δαρείου
919 627 970 684 τοῦ

173 712 358 783 Ὑστάσπεος,
380 717 430 774 τοῦ
453 712 619 791 Ἀρσάμεος,
637 716 688 772 τοῦ
705 711 970 790 Ἀριαράμνεω,τοῦ

174 795 316 871 Τεΐσπεος,
330 806 379 860 τοῦ
393 801 497 878 Κύρου,
511 805 561 864 τοῦ
575 799 748 877 Καμβύσεω,
761 803 813 858 τοῦ
826 800 969 868 Τεΐσπεος,

174 893 223 949 τοῦ
241 888 420 968 Ἀχαιμένεος
439 888 567 970 γεγονώς,
587 887 637 964 μὴ.
648 885 875 964 τιμωρησάμενος
886 887 969 962 Ἀθη-

174 977 275 1039 ναίους·
297 976 530 1053 εὗέπιστάμενος,
542 975 585 1035 ὅτι
599 979 622 1033 εἰ
634 973 714 1050 ἡμεῖς
725 973 846 1052 ἡσυχίην
859 972 969 1049 άξομεν,

175 1061 241 1122 ἀλλ’
255 1062 304 1122 ούκ
321 1069 418 1124 ἐκεῖνοι
435 1063 513 1124 ἀλλά
530 1063 575 1122 καὶ
590 1061 670 1140 μάλα
688 1060 906 1139 στρατεύσονται
925 1061 970 1120 ἐπὶ

175 1149 226 1227 τὴν
238 1151 382 1229 ἡμετέρην,
397 1156 421 1212 εἰ
433 1151 489 1231 χρὴ
503 1149 728 1232 σταθμώσασθαι
740 1152 817 1208 τοῖσι
829 1147 970 1229 ύπαργμέ-
1020 1205 1022 1208 ,

175 1263 251 1298 νοισι
265 1239 295 1308 ἐξ
305 1241 421 1300 ἐκείνων·
443 1238 469 1298 οἳ
482 1239 583 1317 Σάρδις
591 1263 622 1297 τε
633 1237 789 1314 ἐνέπρησαν
800 1236 846 1294 καὶ
858 1235 971 1311 ἤλασαν

177 1330 205 1388 ἐς
216 1327 267 1402 τὴν
279 1325 389 1402 Ἀσίην.
431 1325 517 1388 οὔκων
531 1325 725 1404 ἐξαναχωρέειν
739 1323 907 1400 οὐδετέροισι
927 1324 970 1382 δυ-

177 1418 263 1478 νατῶς
276 1416 341 1494 ἔχει,
355 1414 431 1474 ἀλλὰ
444 1415 547 1474 ποιέειν
559 1413 578 1490 ἢ
591 1413 703 1474 παθέειν
723 1413 869 1490 τροκέεται
886 1410 970 1492 α’γάν·

178 1502 222 1561 ἵνα
234 1501 252 1578 ἡ
266 1503 331 1562 τάδε
343 1501 435 1564 πάντα
447 1501 501 1562 ὖπθ
517 1501 653 1578 Ἕλλησι,
667 1499 686 1577 ἢ
700 1505 789 1582 ἐκεῖνα
809 1499 900 1561 πάντα
915 1499 970 1560 find

177 1590 308 1668 Πέρσῃσι
328 1591 450 1669 γένηται·
470 1589 503 1649 τό
524 1590 579 1671 γοὶρ
597 1589 687 1665 μέσον
706 1587 783 1648 οὐδὲν
802 1591 853 1664 τῆς
871 1589 971 1668 ἐχθρης

177 1676 247 1736 ἐστί·
269 1676 356 1736 καλόν
369 1676 406 1737 ὦν
419 1676 647 1754 προπεπονθότας
659 1675 746 1754 ἡμέας
759 1677 901 1752 τιμωρέειν
918 1677 971 1752 ἤδη

176 1763 288 1843 γίνεται,
303 1765 348 1825 ἵνα
362 1766 407 1824 καὶ
420 1764 453 1824 τὸ
466 1765 554 1826 δεινόν
571 1764 604 1824 τό
624 1765 759 1841 πείσομαι
776 1767 859 1823 τοῦτο
880 1762 968 1839 μάθω,

177 1850 283 1915 ἐλάσας
301 1851 343 1910 ἐπ’
364 1851 463 1929 ἄνδρας
483 1853 605 1922 τούτους,
625 1851 690 1915 τούς
710 1877 743 1932 γε
765 1851 811 1908 καὶ
830 1851 969 1934 Πέλοψγό

177 1938 259 2015 Φρύξ,
273 1939 324 1998 ἐών
344 1940 468 2016 πατέρων
480 1943 535 2000 τῶν
548 1945 620 2017 ἐμῶν
641 1940 748 2008 δοῦλος,
763 1930 971 2016 κατεστρέψατο

178 2025 255 2094 οὕτω,
272 2026 307 2088 ὥς
328 2027 373 2084 καὶ
391 2032 418 2090 ἐς
437 2027 500 2087 τάδε
521 2027 602 2087 αὐτοί
619 2053 650 2088 τε
669 2026 811 2102 ὥνθρωποι
832 2026 877 2083 καὶ
897 2025 915 2101 ἡ
934 2031 972 2106 γὴ

178 2110 267 2171 αὐτῶν
279 2113 415 2190 ἐπώνυμοι
427 2119 477 2174 τοῦ
490 2113 754 2193 καταστρεψαμένου
768 2113 938 2172 καλέονται.”

217 2203 309 2259 Ταῦτα
321 2203 374 2278 μέν
387 2203 432 2260 ἐπὶ
445 2207 566 2262 τοσοῦτο
581 2203 702 2283 ἐλέγετο·
715 2199 786 2278 μετά
797 2201 835 2272 δέ,
850 2200 971 2279 εὐφρόνη
982 2203 1018 2264 12

176 2313 207 2347 τε
225 2289 329 2370 ἐγίνετο
347 2291 394 2349 καὶ
411 2291 516 2368 Ξέρξεα
534 2291 620 2362 ἔκνιζε
634 2290 653 2366 ἡ
670 2289 848 2367 Ἀρταβάνου
865 2289 971 2372 γνώμη·

176 2378 251 2437 νυκτὶ
264 2377 294 2436 δέ
305 2377 417 2454 βουλὴν
430 2378 527 2449 διδούς,
538 2377 634 2461 πάγχυ
647 2377 758 2456 εὕρισκέ
770 2381 797 2438 οἱ
810 2377 842 2437 οὔ
855 2383 973 2458 πρὴγμα

177 2465 244 2525 εἶναι
258 2465 461 2544 στρατεύεσθαι
474 2468 519 2526 ἐπὶ
532 2467 584 2542 τὴν
600 2466 735 2526 Ἑλλάδα·
757 2467 926 2548 δεδογμένων
943 2467 975 2526 δέ

177 2557 203 2618 οἱ
216 2553 292 2617 αὖτις
304 2554 416 2624 τούτων,
436 2554 608 2614 κατύπνωσε·
630 2555 675 2614 καὶ
694 2554 729 2630 δὴ
742 2581 791 2613 κου
805 2560 834 2614 ἐν
847 2559 882 2632 τῇ
896 2557 972 2614 νυκτὶ

176 2641 229 2700 εἶδε
239 2640 305 2719 ὄψιν
317 2641 434 2717 τοιήνδε,
449 2641 484 2705 οἷς
498 2643 609 2722 λέγεται
622 2641 677 2701 ύπδ
691 2642 833 2719 Περσέων·
855 2642 972 2702 ἐδόκεεό

176 2727 280 2804 Ξέρξης
306 2728 391 2804 ἄνδρα
415 2732 441 2788 οἱ
463 2729 614 2792 ἐπιστάντα
639 2730 728 2810 μέγαν
751 2755 782 2789 τε
805 2730 851 2788 καὶ
871 2729 974 2789 εὐειδέα

177 2817 272 2874 εἰπεῖν·
296 2815 393 2890 “perd
411 2816 444 2890 δὴ
462 2817 621 2892 βουλεύεαι,
639 2816 660 2875 ὦ
680 2818 789 2894 Πέρσα,
810 2817 970 2893 στράτευμα

176 2901 217 2978 μὴ
231 2901 308 2982 ἄγειν
321 2901 367 2958 ἐπὶ
379 2901 430 2976 τὴν
443 2902 578 2973 Ἑλλάδα,
592 2903 727 2980 προείπας
740 2904 845 2974 ἁλίζειν
859 2903 974 2980 Πέρσας

178 2987 310 3064 στρατόν;
347 2985 410 3046 οὔτε
438 2988 474 3048 ὧν
499 2991 774 3067 μεταβουλευόμενος
805 2992 907 3052 ποιέεις
935 2989 973 3060 εὖ,

177 3075 241 3136 οὔτε
263 3076 279 3136 ό
301 3075 532 3154 συγγνωσόμενός
551 3103 595 3136 τοι
614 3077 699 3155 πάρα·
721 3077 794 3146 ἀλλ’,
810 3076 905 3152 ὥσπερ
924 3081 975 3152 τῆς

176 3163 279 3243 ἡμέρης
301 3162 478 3240 ἐβουλεύσαο
497 3164 607 3238 ποιέειν,
629 3165 731 3240 ταύτην
749 3165 789 3225 ἰ’θι
806 3165 861 3222 τῶν
879 3161 973 3222 ὄδιῧν.”

177 3253 232 3314 Τόν
238 3257 298 3332 μὲν,
308 3253 397 3312 ταῦτα
407 3251 532 3320 εἴπαντα,
542 3250 633 3310 ἐδόκεε
643 3251 658 3310 ό
669 3251 774 3328 Ξέρξης
783 3249 973 3308 ἀποπτάσθαι·
985 3252 1022 3309 13
