2280 3432
185 113 232 158 αι
493 108 676 157 ἯΡοΔοτου
734 106 737 112 ’
902 107 979 172 [vn.

134 184 235 246 237τδ
255 183 360 261 παρεδν
379 189 476 262 τρώμα
494 184 656 246 ἀνιεῦνται.”
697 185 863 264 Ἀμείβεται
876 188 982 265 Ξέρξης

182 273 287 332 τοῖσδε·
312 280 329 306 “
337 270 509 350 Ἀχαίμενες,
523 270 552 330 εῦ
572 275 606 332 τέ
623 299 673 351 μοι
693 274 795 338 δοκέεις
812 275 914 356 λέγειν,
936 278 983 337 καὶ

182 359 292 436 ποιήσω
310 363 407 419 ταῦτα.
449 358 617 436 Δημάρητος
629 361 659 420 δὲ
672 362 749 442 λέγει
767 363 818 439 μέν
830 362 982 439 τάιιῖριστα

184 448 298 507 ἔλπεται
315 445 384 507 εἶναι
399 448 469 525 ἐμοὶ,
483 447 580 528 γνώμη
595 450 690 525 μέντοι
704 453 838 510 ἑσσοῦται
851 449 905 510 ῦπδ
919 456 981 512 σεῦ·

130 565 133 570 ·
184 534 216 594 οῦ
230 535 285 616 γάρ
299 534 333 610 δή
347 533 421 595 κεῖνά
432 560 466 615 γε
480 535 630 612 ἐνδέξομαι,
645 535 714 600 ὅκως
728 536 778 596 οῦκ
792 537 893 596 εῦνοέει
904 542 982 598 τοῖσι

183 626 278 699 ἐμοῖσι
295 623 451 703 πρήγμασι,
464 624 544 683 τοῖσί
558 650 590 683 τε
606 625 785 704 λεγομένοισι
802 624 938 703 πρότερον
951 631 982 686 ἐκ

182 710 282 769 τούτου
298 709 506 787 σταθμώμενος,
520 711 617 790 καὶτῷ
630 711 710 780 ἐόντι,
725 711 769 771 ὅτι
781 713 918 789 πολιήτης
930 716 982 790 μὲν

183 797 305 878 πολιήτῃ
315 797 344 856 εῦ
354 797 514 875 πρήσσοντι
527 799 648 874 φθονέει,
663 800 709 857 καὶ
722 799 783 858 ἐστι
796 799 935 876 δυσμενής
944 805 981 881 τῇ

183 889 262 966 σιγῇ·
277 885 333 944 οὐδ’
346 883 389 955 ἂν,
400 887 666 963 συμβουλευομένου
676 889 726 946 τοῦ
736 885 834 958 ἀστοῦ,
844 887 979 964 πολιήτης

182 972 252 1051 ἀνὴρ
270 974 305 1034 τοὶ
320 972 423 1052 ἄριστοί
441 977 468 1034 οἱ
488 975 619 1034 δοκέοντα
635 975 705 1036 εἶναι
716 974 877 1050 ,ῦποθέοιτα
896 981 921 1048 εἰ
940 977 981 1053 μή

181 1062 280 1137 πρόσω
299 1060 399 1139 ἀρετῆς
418 1061 525 1138 ἀνήκοι·
546 1063 658 1124 σπάνιοι
681 1063 704 1122 δ’
726 1064 781 1122 εἰσὶ
802 1066 828 1122 οἱ
847 1067 980 1124 τοιοῦτοι·

181 1148 270 1218 ξεῖνος
297 1150 327 1209 δὲ
353 1150 430 1230 ξείνῳ
452 1149 481 1210 εῦ
503 1150 666 1228 πρήσσοντί
690 1155 753 1210 ἐστι
780 1149 1003 1228 εῦμενέστατον1

117 1234 120 1239 ’
181 1237 299 1307 πάντων,
318 1239 585 1315 συμβουλευομένου
599 1264 630 1299 τε
648 1238 683 1299 ἂν
700 1239 927 1315 συμβουλεύσειε
943 1239 981 1300 τά

181 1323 293 1400 ἄριστα·
311 1323 382 1384 οὕτω
397 1324 433 1384 ὧν
447 1328 614 1407 κακολογίης
624 1327 687 1408 πέρι
700 1329 750 1402 τῆς
764 1331 791 1389 ἐς
802 1326 979 1404 Δημάρητον,
1011 1341 1015 1350 ’

183 1411 274 1475 ἐόντος
287 1413 349 1488 ἐμοὶ
362 1413 460 1482 ξείνου,
474 1414 593 1491 ἔχεσθαί
602 1440 664 1474 τινα
673 1419 724 1474 τοῦ
737 1419 840 1474 λοιποῦ
854 1414 980 1475 κελεύω.”

133 1501 192 1558 238
234 1503 327 1559 Ταῦτα
344 1499 422 1562 εἶπας
438 1500 544 1576 Ξέρξης
558 1501 658 1577 διεξήιε
676 1502 722 1561 διά
734 1505 790 1562 τιῦν
802 1506 912 1580 νεκριῦν·
934 1503 981 1563 καὶ

180 1588 328 1657 Λεωνιδεω,
342 1586 466 1663 ἀκηκοώς
480 1587 523 1648 ὅτι
530 1589 669 1665 βασιλεῦς
681 1615 712 1649 τε
724 1589 813 1666 ἦνκαὶ
822 1590 981 1671 στρατηγθς

180 1674 412 1752 Λακεδαιμονίων,
427 1675 557 1735 ἐκέλευσε
576 1675 770 1754 ἀποταμόντας
786 1677 838 1753 τήν
851 1677 980 1754 κεφαλήν

180 1761 405 1839 ἀνασταυρῶσαι.
427 1762 501 1839 δῆλά
513 1789 563 1840 μοι
578 1769 717 1824 πολλοῖσι
732 1767 784 1842 μὲν
800 1765 846 1823 καὶ
862 1763 980 1825 ἄλλοισι

180 1850 364 1928 τεκμηρίοισι,
379 1854 408 1910 ἐν
420 1850 451 1910 δέ
464 1849 554 1926 δήκαὶ
566 1852 634 1930 τῷδε
648 1851 698 1912 οῦκ
705 1852 808 1928 ἥκιστα
820 1852 926 1932 γέγονε,
936 1851 979 1913 ὅτι

178 1937 321 2015 βασιλεῦς
329 1938 434 2015 Ξέρξης
441 1937 551 2000 πάντων
559 1940 593 2016 δή
603 1939 731 2017 μάλιστα
739 1939 843 2016 ἀνδρῶν
852 1939 980 2017 ἐθυμώθη

180 2019 276 2094 ζώοντι
289 2026 422 2105 Λεωνίδη·
443 2025 476 2086 οῦ
489 2027 544 2108 γάρ
558 2025 593 2087 ἅν
605 2052 669 2088 κοτε
682 2032 710 2090 ἐς
722 2027 772 2087 τδν
784 2026 881 2104 νεκρδν
890 2030 980 2087 ταῦτα

179 2114 367 2190 παρενόμησε·
389 2115 449 2174 ἐπεὶ
461 2120 545 2191 τιμᾶν
557 2115 686 2192 μάλιστα
703 2115 849 2191 νομίζουσι
860 2117 915 2174 τών
925 2110 980 2195 ἐγώ
1053 2168 1070 2222 l

180 2200 242 2259 οῖδα
259 2200 409 2278 ἀνθρώπων
422 2202 534 2278 Πέρσαι
547 2201 647 2279 ἄνδρας
662 2201 784 2283 ἀγαθοῦς
796 2200 832 2262 τά
844 2185 978 2278 πδλήιια.
994 2158 1056 2322 ſs

180 2290 207 2346 οἱ
219 2290 271 2363 μὲν
284 2287 318 2362 δή
332 2293 419 2348 ταῦτα
430 2289 538 2348 ἐποίευν
550 2293 627 2348 τοῖσι
641 2291 805 2349 ἐπετέτακτο
817 2290 927 2349 ποιέειν.

132 2376 189 2432 239
227 2373 338 2451 Ἀνειμι
351 2375 381 2434 δέ
394 2378 484 2434 ἐκεῖσε
501 2379 551 2435 τοῦ
569 2374 665 2456 λόγου,
679 2379 715 2456 τῇ
730 2402 779 2454 μοι
795 2377 828 2436 τῦ
844 2375 980 2454 πρότερον

182 2460 301 2530 ἐξέλιπε.
356 2461 491 2522 ἐπίθοντο
520 2463 735 2541 Λακεδαιμόνιοι
766 2463 809 2524 ὅτι
838 2463 980 2540 βασιλεῦς

179 2549 331 2610 στέλλοιτο
352 2549 398 2609 ἐπὶ
417 2549 469 2626 τήν
486 2549 620 2621 Ἑλλάδα,
642 2555 756 2628 πρῶτοι·
786 2551 833 2609 καὶ
854 2548 925 2610 οὕτω
944 2550 979 2627 δὴ

180 2638 208 2698 ἐς
219 2633 253 2695 τά
265 2635 438 2715 χρηστήριον
449 2637 483 2698 τῦ
497 2642 525 2702 ἐς
538 2637 672 2714 Δελφοῦς
681 2638 857 2717 ἀπέπεμψαν,
869 2637 980 2714 ἐνθαδή

179 2728 236 2800 σφι
254 2723 381 2803 ἐχρήσθη
393 2724 429 2786 τά
442 2724 529 2807 ὀλίγῳ
542 2724 679 2803 πρότερον
692 2724 779 2785 εἶπον·
800 2724 935 2785 ἐπίθοντο
949 2725 980 2784 δὲ

178 2809 272 2892 τρόπῳ
280 2813 421 2894 θωμασίῳ·
436 2813 604 2890 Δημάρητος
614 2811 668 2893 γάρ
679 2811 872 2890 ὁἈρίστωνος
880 2811 979 2894 φυγών

180 2902 207 2962 ἐς
220 2899 342 2976 Μήδους,
357 2901 392 2965 ώς
404 2905 457 2979 μέν
470 2899 524 2981 ἐγώ
537 2900 622 2960 δοκέω
635 2899 681 2958 καὶ
693 2899 727 2959 τὸ
740 2898 814 2963 οίκῦς
827 2900 889 2976 ἐμοὶ
907 2925 979 2978 συμ-

178 2987 305 3067 μάχεται,
320 2987 370 3049 οῦκ
383 2987 418 3066 ἦν
431 2987 524 3050 εὔνοος
536 2987 790 3064 Λακεδαιμονίοισι·
810 2986 931 3063 πάρεστι
949 2989 980 3048 δέ

181 3074 305 3150 εἰκάζειν,
326 3077 380 3136 εἴτε
401 3075 492 3154 εῦνοίη
511 3079 599 3134 ταῦτα
620 3074 735 3150 ἐποίησε
755 3075 809 3134 ε’ίτε
829 3074 875 3133 καὶ
896 3099 979 3135 κατα-

179 3163 291 3238 ηαίρων·
312 3165 373 3224 ἐπεί
387 3189 418 3224 τε
433 3161 489 3244 γάρ
507 3162 598 3240 Ξέρξη
614 3161 689 3231 ἔδοξε
702 3163 918 3238 στρατηλατέειν
933 3164 979 3223 ἐπὶ

203 3245 230 3322 &v
252 3248 386 3322 Ἑλλάδα,
410 3247 461 3310 ἐών
482 3253 512 3309 ἐν
534 3247 673 3314 Σούσοισι
693 3247 710 3307 ὁ
737 3247 905 3326 Δημάρητος
931 3250 978 3314 καὶ
