2204 3430
163 127 193 173 30
457 124 651 174 ··ιινοιιουου
914 125 962 190 [V.

163 205 273 284 τανηΐῳ,
290 205 339 262 καί
355 228 405 280 μιν
426 203 521 281 ῖδρυσε
540 205 658 265 ἐνθαῦτα
676 209 705 266 ἐν
719 210 758 284 τῷ
776 206 964 288 ἰσχυροτάτῳ·

163 292 319 373 ἐπηγάγετο
339 292 370 351 δέ
388 291 439 353 τόν
459 291 646 354 Μελάνιππον
666 293 682 353 ὁ
699 295 882 372 Κλεισθένης,
904 299 965 376 (καὶ

162 380 217 460 γάρ
241 385 324 440 τοῦτο
345 380 387 440 δεῖ
411 379 637 462 ἀπηγήσασθαι)
659 381 695 446 ώς
722 384 854 461 ἔχθιστον
881 384 964 446 ἐόντα

162 466 317 548 Ἀδρήστῳ·
342 468 373 533 ὃς
392 469 442 530 τόν
461 495 492 528 τε
513 468 652 545 ἀδελφεόν
674 473 700 530 οῖ
722 472 872 546 Μηκιστέα
895 471 963 532 α’πε·

163 555 256 616 κτύνεε
277 557 323 615 καὶ
342 555 392 618 τόν
411 556 544 638 γαμβρόν
568 557 667 616 Τυδέα·
696 558 758 617 ἐπεί
775 585 807 618 τε
827 559 859 618 δέ
878 563 905 618 οἰ
928 560 963 621 τό

162 643 274 720 τέμενος
301 643 423 718 ἀπέδεξε,
453 645 551 708 θυσίας
573 669 604 704 τε
628 645 674 704 καί
697 644 780 722 όρτᾶς
802 645 963 724 Ἀδρήστου

162 731 336 813 ἀπελόμενος
349 733 430 792 ἔδωκε
444 737 483 812 τῷ
501 734 687 813 Μελανίππῳ.
729 736 756 793 οῖ
769 733 798 792 δέ
816 735 963 798 Σικυώνιοι

162 819 286 881 ἐώθεσαν
302 821 465 903 μεγαλωστὶ
483 820 571 899 κάρτα
587 827 671 899 τιμᾶν
688 821 738 881 τόν
749 820 920 899 Ἄδρηστον·
942 823 962 900 ἤ

161 908 217 990 γάρ
238 909 317 990 χώρη
339 909 372 988 ήν
393 908 463 986 αὕτη
484 908 633 985 Πολύβου·
662 908 679 968 ά
701 909 731 968 δὲ
746 907 905 986 Ἀδρηστος
925 909 962 987 ἦν

162 998 304 1076 Πολύβου
321 998 507 1081 θυγατριδέος·
529 996 612 1061 ἄπαις
625 997 654 1056 δὲ
671 997 808 1074 Πόλυβος
822 1001 961 1058 τελευτῶν

162 1085 234 1146 διδοῖ
257 1087 402 1167 Ἀδρήστῳ
427 1087 479 1162 τήν
508 1084 607 1163 α’ρχήν.
648 1084 684 1144 τά
709 1111 741 1144 τε
783 1085 801 1161 ἡ
828 1084 905 1144 ἅλλα
933 1090 961 1145 οῖ

162 1174 306 1238 Σικυώνιοι
326 1176 425 1252 ἐτίμων
443 1175 494 1234 τόν
508 1172 677 1250 Ἀδρηστον,
703 1173 749 1232 καὶ
770 1172 804 1248 δὴ
822 1173 901 1250 πρός,
922 1169 959 1234 τᾶ

160 1261 252 1321 πάθεα
271 1262 356 1322 αύτοῦ
370 1264 530 1342 τραγικοῖσι
546 1264 659 1339 χοροῖσι
677 1261 826 1342 ἐγέραιρον,
839 1260 889 1321 τόν
906 1264 959 1338 μέν

160 1349 301 1410 Διόνυσον
321 1349 353 1408 ού
373 1350 524 1426 τιμέωντες,
551 1349 601 1409 τόν
628 1349 657 1407 δὲ
675 1347 844 1427 Ἀδρηστον·
872 1353 957 1408 Κλει-

162 1437 263 1513 σθένης
283 1437 313 1496 δέ
332 1436 434 1516 χορούς
446 1440 498 1513 μὲν
510 1439 548 1516 τῷ
562 1436 691 1517 Διονύσῳ
706 1435 838 1506 ἀπέδωκε,
856 1436 909 1512 τήν
927 1438 959 1497 δέ

160 1524 253 1602 ἄλλην
267 1525 367 1601 θυσίην
379 1528 417 1603 τιή
430 1525 615 1604 Μελανίππῳ.
656 1527 807 1602 ταῦταμὲν
820 1524 957 1602 ἐςἈδρη-

114 1614 152 1672 68
161 1611 231 1672 στάν
244 1615 271 1672 οἶ
283 1613 428 1689 πεποίητο.
457 1613 552 1676 Φυλᾶς
565 1612 594 1672 δὲ
604 1612 654 1676 τᾶς
664 1614 798 1690 Δωριέων,
811 1613 855 1672 ἵνα
868 1613 902 1688 δή
914 1611 956 1689 μή

160 1703 189 1759 αἱ
203 1699 283 1760 αύταί
297 1701 363 1760 ἔωσι
374 1703 450 1760 τοῖσι
459 1701 634 1765 Σικυωνίοισι
646 1700 693 1758 καί
705 1704 782 1760 τοῖσι
793 1699 955 1781 Ἀργείοισι,

159 1789 302 1866 μετέβαλε
323 1792 350 1852 ἐς
371 1786 447 1847 ᾶλλα
474 1787 622 1864 οὐνόματα·
658 1789 723 1848 ἔνθα
749 1789 794 1847 καὶ
820 1791 957 1850 πλεῖστον

159 1876 333 1957 κατεγέλασε
345 1880 400 1937 τοῖν
419 1876 581 1942 Σικυωνίων·
603 1875 649 1935 ἐπὶ
662 1875 717 1955 γὰρ
731 1875 778 1937 ύός
790 1901 822 1934 τε
835 1876 881 1934 καὶ
891 1875 957 1936 ὄνου

579 1962 666 1986 ’Κλ

158 1963 209 2029 τᾶς
219 1965 372 2044 ἐπωνυμίας
381 1965 544 2042 μετατιθεὶς,
553 1989 622 2024 αυτα
632 1989 668 2022 τα
677 1966 823 2022 τελευταῖα
831 1965 954 2040 ἐπέθηκε,

158 2053 234 2130 πλήν
253 2058 304 2130 τῆς
325 2057 424 2113 ἐωυτοΰ
446 2047 548 2128 φυλῆς·
572 2050 659 2128 ταύτῃ
676 2050 705 2109 δέ
723 2049 757 2110 τό
776 2049 881 2129 οὕνομα
898 2051 955 2113 ᾶπὸ

157 2144 208 2216 τῆς
228 2143 328 2200 ἐωυτοΰ
349 2140 437 2218 ἀρχῆς
457 2141 543 2199 ἔθετο.
586 2136 662 2198 οὗτοι
681 2140 733 2216 μέν
753 2138 786 2214 δή
805 2137 956 2218 Ἀρχέλαοι

159 2227 316 2287 ἐκαλέοντο·
346 2227 433 2302 ἕτεροι
454 2227 491 2296 δέ,
512 2225 619 2285 Ὑᾶται·
650 2225 736 2286 άλλοι
756 2226 794 2296 δέ,
816 2226 955 2289 Ὀνεᾶται·

159 2315 247 2392 ἕτεροι
266 2314 295 2373 δὲ
315 2317 475 2390 Χοιρεᾶται.
515 2313 642 2374 τούτοισι
657 2318 733 2374 τοῖσι
749 2313 885 2390 οὐνόμασι
901 2320 956 2378 τοῖν

158 2402 271 2478 φυλέων
288 2402 421 2482 ἐχρέωντο
439 2405 466 2462 οἱ
485 2401 628 2468 Σικυώνιοι
647 2403 693 2462 καί
711 2402 756 2461 ἐπὶ
770 2405 957 2470 Κλεισθένεος

160 2489 303 2569 ἄρχοντος,
313 2491 359 2549 καὶ
369 2491 472 2550 ἐκείνου
481 2491 629 2553 τεθνεῶτος
639 2491 678 2549 ἔτι
690 2489 731 2549 ἐπ’
742 2492 804 2550 ἔτεα
814 2491 955 2567 ἐξήκοντα·

157 2577 306 2655 μετέπειτα
321 2579 417 2655 μέντοι
434 2577 522 2659 λόγον
535 2579 623 2655 σφίσι
641 2577 741 2649 δόντες,
754 2580 917 2656 μετέβαλον
930 2587 957 2646 ἐς

158 2664 223 2729 τούς
234 2665 354 2729 Ὑλλέας
368 2666 413 2724 καί
427 2667 605 2742 Παμφύλους
616 2667 661 2725 καὶ
672 2665 848 2744 Δυμανάτας·
861 2668 956 2748 τετάρ-

158 2779 223 2816 τους
232 2753 261 2812 δέ
275 2754 386 2814 αύτοῖσι
395 2754 567 2831 προσέθεντο
578 2755 624 2814 ἐπὶ
633 2757 683 2814 τοῦ
692 2753 850 2832 Ἀδρήστου
858 2757 956 2823 παιδός

159 2842 316 2921 Αἰγιαλέος,
350 2839 402 2916 τήν
429 2842 583 2917 ἐπωνυμίην
613 2840 772 2919 ποιεύμενοι
801 2846 957 2921 κεκλῆσθαι

159 2929 319 3009 Αἰγιαλέας.

113 3015 149 3074 69
199 3021 293 3077 Ταῦτα
301 3016 352 3093 μέν
360 3040 408 3075 νυν
418 3014 434 3074 ό
444 3013 590 3078 Σικυώνιος
601 3015 776 3091 Κλεισθένης
787 3019 956 3093 ἐπεποιήκεε.

160 3104 175 3164 ὁ
196 3106 225 3165 δέ
243 3106 277 3183 δή
296 3105 444 3180 Ἀθηναῖος
464 3103 647 3178 Κλεισθένης,
669 3101 720 3162 ἐών
738 3108 789 3162 τοῦ
810 3107 958 3168 Σικυωνίου

159 3193 258 3254 τούτου
274 3193 451 3276 θυγατριδέος
470 3191 515 3250 καὶ
533 3190 566 3250 τό
583 3190 688 3266 ούνομα
706 3191 751 3249 ἐπὶ
767 3189 866 3249 τούτου
880 3195 956 3271 ἔχων,

161 3277 264 3344 δοκέειν
276 3283 347 3358 ἐμοὶ,
361 3281 407 3341 καὶ
420 3277 500 3343 οὗτος
509 3276 643 3355 ύπεριδών
650 3277 756 3346 Ἴωνας,
767 3276 811 3335 ἵνα
820 3277 861 3352 μή
871 3285 958 3353 σφισι
