2204 3430
132 116 273 180 ιιι-,πη
436 113 640 164 τινυιιιουσ.
812 119 813 122 ’
903 119 935 164 53

130 201 183 276 μὲν
203 196 329 257 τούτοισι
353 193 517 274 άμείψαντο·
546 194 616 272 μετά
641 194 678 264 δὲ,
702 192 825 270 ἡκόντων
853 201 880 258 ές
903 195 935 256 τό

130 286 227 344 πέδιον
246 283 279 344 τό
301 283 477 360 Σαλαμινίων
496 287 551 342 τῶν
573 282 714 360 Περσέων,
737 282 888 344 διέτασσον
909 288 936 344 οἶ

130 375 268 447 βασιλέες
287 377 342 432 τῶν
363 369 495 449 Κυπρίων
514 370 579 435 τοδς
597 373 649 448 μέν
670 370 775 434 ἄλλους
793 373 935 450 Κυπρίους

130 461 202 520 κατά
214 461 279 524 τούς
293 459 399 524 ἄλλους
417 459 589 537 στρατιώτας
602 458 826 534 ἀντιτάσσοντες,
842 463 934 524 Σαλα-

129 550 226 626 μινίων
240 550 269 609 δὲ
284 549 330 608 καὶ
345 548 453 613 Σολίων
467 547 653 616 ἀπολέξαντες
670 548 703 608 τό
723 547 840 626 ἄριστον
858 549 935 610 άντέ-

129 662 240 699 τασσον
251 639 405 716 Πέρσῃσι.
446 635 590 718 Ἀρτυβίῳ
607 637 636 696 δὲ
656 641 694 716 τῷ
715 643 864 719 στρατηγῷ
881 644 935 700 τῶν

130 727 265 803 Περσέων
273 726 420 801 ἐθελοντὴς
430 725 619 786 άντετάσσετο
626 725 789 802 Ὀνὴσιλος.
805 727 914 787 Ἦλαυ-
925 732 979 789 111

129 841 159 874 νε
173 815 202 874 δὲ
217 815 303 874 ἵππον
317 814 332 874 ά
345 814 495 890 Ἀρτύβιος
516 815 711 895 δεδιδαγμένον
727 816 798 892 πρός
815 816 935 893 ὁπλίτην

130 903 268 962 ἵστασθαι
278 901 372 978 ὀρθόν.
413 903 568 978 πυθόμενος
590 902 626 962 ὧν
639 908 727 962 ταῦτα
744 903 760 962 ὁ
772 902 934 978 Ὀνήσιλος,

129 989 165 1065 ἦν
177 989 232 1070 γάρ
247 991 274 1048 οἱ
286 988 469 1063 άπασπιστὴς
485 992 565 1070 γένος
578 993 630 1066 μὲν
644 990 708 1067 Κάρ
721 991 757 1050 τά
770 991 800 1048 δὲ
812 992 935 1066 πολέμια

130 1076 219 1154 κάρτα
235 1075 347 1153 δόκιμος
364 1077 409 1135 καὶ
429 1077 524 1140 άλλως
541 1077 668 1155 λη’ματος
683 1079 777 1147 πλέος,
793 1078 852 1136 εἶπε
866 1079 936 1154 πρός

129 1169 239 1225 τοῦτον·
254 1163 448 1242 “πυνθάνομαι
461 1164 511 1226 τόν
524 1164 677 1244 Ἀρτυβίου
689 1167 774 1225 ἵππον
782 1158 935 1242 Ιἱστάμενον

130 1253 222 1330 ὀρθάν,
238 1254 284 1313 καὶ
297 1253 368 1313 ποσὶ
381 1251 427 1313 καὶ
440 1254 562 1332 στόματι
576 1251 796 1336 κατεργάζεσθαι
805 1254 876 1332 πρός
886 1255 935 1316 τόν

130 1339 164 1402 όν
184 1343 370 1422 προσενεχθῇ·
394 1339 432 1402 σι)
451 1342 488 1404 ὦν
507 1343 737 1421 βουλευσάμενος
754 1341 853 1402 αὐτίκα
874 1347 934 1403 εἰπὲ

130 1429 260 1509 ὁκότερον
279 1428 401 1507 βούλεαι
421 1430 550 1509 φυλάξας
569 1431 684 1508 πλῆξαι,
704 1433 758 1493 εἴτε
778 1430 827 1492 τόν
847 1432 934 1493 ἵππον
1006 1451 1009 1458 “

131 1519 184 1580 εἴτε
204 1519 288 1583 αι’ττόν
307 1518 483 1596 Ἀρτόβιον.”
525 1520 586 1580 εἷπε
605 1520 676 1598 πρός
695 1525 783 1582 ταῦτα
802 1519 817 1580 ό
836 1519 931 1582 ὀπάων

130 1605 224 1667 αὐτοῦ·
245 1607 266 1666 ὦ
279 1610 413 1684 βασιλεῦ,
428 1612 538 1687 ἑτοῖμος
555 1611 607 1686 μὲν
626 1607 680 1690 έγά
699 1613 755 1687 εἰμι
770 1609 874 1668 ποιέειν
888 1610 934 1668 καὶ

131 1693 276 1774 άμφότερα
296 1696 342 1756 καὶ
362 1695 395 1756 τό
418 1697 511 1773 ἕτερον
532 1695 629 1768 αὐτῶν,
651 1697 696 1756 καὶ
716 1697 825 1759 πάντως
845 1697 877 1757 τό
899 1695 933 1757 ἂν

131 1785 285 1863 ἐπιτάσσῃς
305 1783 352 1844 σύ·
380 1783 415 1847 ὥς
434 1785 530 1861 μέντοι
550 1785 644 1866 ἔμοιγε
665 1785 753 1844 δοκέει
770 1785 839 1845 εἶναι
855 1789 933 1844 τοῖσι

130 1877 210 1932 σοῖσι
229 1872 380 1953 πρήγμασι
396 1873 652 1948 προσφερέστερον,
673 1871 784 1949 φράσω·
805 1873 932 1946 βασιλέα

129 1962 180 2035 μὲν
199 1961 244 2018 καὶ
263 1957 423 2038 στρατηγόν
435 1957 520 2036 χρεόν
539 1958 611 2016 εἶναί
621 1964 697 2034 φημι
710 1959 831 2034 βασιλέϊ
842 1984 873 2016 τε
887 1961 933 2018 καὶ
987 2009 990 2014 Δ

130 2051 279 2126 στρατηγῷ
296 2043 522 2121 προσφέρεσθαι·
542 2043 578 2120 ἦν
593 2069 624 2104 τε
641 2043 696 2125 γάρ
716 2045 834 2124 κατέλῃς
847 2044 933 2123 ἄνδρα

130 2133 298 2214 στρατηγόν,
321 2132 396 2214 μέγα
418 2157 462 2192 τοι
484 2132 599 2214 γίνεται·
628 2131 674 2190 καὶ
698 2131 818 2210 δεύτερα,
839 2131 874 2210 ἢν
898 2137 933 2196 σὲ

130 2226 232 2285 ἐκεῖνος
249 2221 282 2281 τό
299 2220 340 2298 μὴ
358 2221 476 2302 γένοιτο,
491 2219 545 2280 ὑπό
564 2219 700 2299 ἀξιόχρεω
717 2221 764 2280 καὶ
782 2221 933 2300 άποθανεῖν

129 2311 234 2389 ἡμίσεα
254 2308 400 2388 συμφορή·
423 2308 511 2386 ἡμέας
528 2309 559 2382 δὲ
575 2308 641 2372 τούς
657 2308 795 2387 ὖπηρέτας
814 2312 935 2387 ἑτέροισί

128 2426 159 2460 τε
171 2399 326 2478 ὑπηρέτῃσι
342 2398 559 2476 προσφέρεσθαι
572 2397 618 2456 καὶ
631 2397 701 2476 πρδς
714 2399 809 2458 ἵππον·
830 2403 882 2458 τοῦ
892 2400 930 2460 σι)

129 2489 178 2552 ταὶς
190 2487 319 2568 μηχανάς
331 2487 417 2564 μηδὲν
435 2487 578 2565 φοβηθῇς·
600 2485 654 2568 ε’γιδ
667 2486 722 2568 γάρ
735 2485 794 2567 [δὴ]
808 2513 853 2546 τοι
865 2487 937 2548 ὕπο·

80 2595 83 2600 ’
129 2577 243 2654 δέκομαι
266 2576 307 2654 μὴ
322 2599 378 2654 *μιν
401 2573 500 2652 άνδρὸς
520 2575 560 2634 ἔτι
580 2599 613 2656 γε
632 2573 751 2651 μηδενός
771 2573 932 2650 στήσεσθαι

129 2663 276 2725 ε’ναντίον.”
303 2668 397 2725 Ταῦτα
411 2663 478 2734 εἶπε,
493 2663 540 2722 καὶ
552 2663 704 2739 μεταυτίκα
714 2663 867 2744 συνέμισγε
876 2663 912 2722 τά
922 2666 979 2726 112

129 2752 306 2836 στρατόπεδα
323 2753 394 2831 πεζῇ
413 2751 458 2811 καὶ
475 2751 568 2827 νηυσί·
590 2751 674 2826 νηυσὶ
692 2752 744 2828 μέν
766 2776 814 2810 νυν
829 2749 931 2820 Ἴωνες,

129 2841 209 2917 ἄκροι
229 2838 373 2920 γενόμενοι
391 2839 495 2915 ταύτην
513 2839 566 2914 τὴν
584 2838 699 2916 ἡμέρην,
720 2837 932 2914 ὑπερεβάλοντο

128 2929 193 2993 τούς
206 2926 344 2990 Φοίνικας·
373 2927 419 2986 καὶ
432 2927 536 2988 τούτων
549 2927 652 3004 Σάμιοι
665 2925 845 3004 ἠρίστευσαν·
862 2925 932 2999 πεζῇ

128 3019 166 3090 δὲ,
189 3017 225 3082 ὥς
247 3016 373 3092 συνῆλθε
392 3015 428 3075 τά
449 3015 634 3092 στρατόπεδα,
659 3012 845 3091 συμπεσόντα
866 3008 930 3083 ε’μά-

128 3135 224 3188 χοντο.
266 3104 338 3164 κατιὶ
357 3103 386 3162 δὲ
401 3103 465 3166 τούς
483 3103 659 3185 στρατηγούς
677 3099 854 3179 ἀμφοτέρους
867 3093 933 3152 τάδε

130 3200 244 3278 ἐγίνετο·
280 3194 316 3257 ὦς
342 3190 536 3270 προσεφέρετο
562 3191 633 3268 πρός
658 3189 709 3250 τόν
735 3182 890 3257 Ὀνήσιλον
917 3178 933 3237 ὅ

128 3285 279 3362 Ἀρτύβιος
301 3281 347 3343 ε’πὶ
369 3283 420 3342 τοῦ
445 3279 532 3340 ἵππου
555 3278 715 3356 κατήμενος,
740 3271 756 3332 ά
780 3268 933 3344 Ὀνήσιλος

138 3363 222 3396 114
