<?xml version="1.0" encoding="UTF-8"?>
<!DOCTYPE html PUBLIC "-//W3C//DTD XHTML 1.0 Transitional//EN"
    "http://www.w3.org/TR/xhtml1/DTD/xhtml1-transitional.dtd">
<html xmlns="http://www.w3.org/1999/xhtml" xml:lang="en" lang="en">
 <head>
  <title>
</title>
<meta http-equiv="Content-Type" content="text/html;charset=utf-8" />
  <meta name='ocr-system' content='tesseract 3.04.00' />
  <meta name='ocr-capabilities' content='ocr_page ocr_carea ocr_par ocr_line ocrx_word'/>
</head>
<body>
  <div class='ocr_page' id='page_1' title='image "./herodotusrecens01blakgoog_0081.png"; bbox 0 0 2204 3430; ppageno 0'>
   <div class='ocr_carea' id='block_1_1' title="bbox 101 112 958 3344">
    <p class='ocr_par' dir='ltr' id='par_1_1' title="bbox 101 112 958 362">
     <span class='ocr_line' id='line_1_1' title="bbox 101 112 954 181; baseline 0.002 -15"><span class='ocrx_word' id='word_1_1' title='bbox 101 125 112 152; x_wconf 68' lang='lat'><em>0</em></span> <span class='ocrx_word' id='word_1_2' title='bbox 159 119 190 166; x_wconf 78' lang='grc' dir='ltr'>τι</span> <span class='ocrx_word' id='word_1_3' title='bbox 461 112 646 164; x_wconf 74' lang='grc' dir='ltr'>Ἦνοιοαου</span> <span class='ocrx_word' id='word_1_4' title='bbox 892 116 954 181; x_wconf 75' lang='grc' dir='ltr'>[τι.</span> 
     </span>
     <span class='ocr_line' id='line_1_2' title="bbox 156 192 958 274; baseline 0.005 -21"><span class='ocrx_word' id='word_1_5' title='bbox 156 194 350 270; x_wconf 79' lang='grc' dir='ltr'>κεκακωμένων</span> <span class='ocrx_word' id='word_1_6' title='bbox 364 196 395 254; x_wconf 82' lang='grc' dir='ltr'>έκ</span> <span class='ocrx_word' id='word_1_7' title='bbox 406 196 458 270; x_wconf 85' lang='grc' dir='ltr'>τῆς</span> <span class='ocrx_word' id='word_1_8' title='bbox 470 193 625 270; x_wconf 76' lang='grc' dir='ltr'>ναυμαχίης</span> <span class='ocrx_word' id='word_1_9' title='bbox 637 192 654 252; x_wconf 86' lang='grc' dir='ltr'>ό</span> <span class='ocrx_word' id='word_1_10' title='bbox 665 192 797 257; x_wconf 80' lang='grc' dir='ltr'>Ἱστιαῖος</span> <span class='ocrx_word' id='word_1_11' title='bbox 810 195 880 274; x_wconf 76' lang='grc' dir='ltr'>ἔχων</span> <span class='ocrx_word' id='word_1_12' title='bbox 890 199 958 263; x_wconf 80' lang='grc' dir='ltr'>τούς</span> 
     </span>
     <span class='ocr_line' id='line_1_3' title="bbox 155 279 956 362; baseline 0.002 -20"><span class='ocrx_word' id='word_1_13' title='bbox 155 282 299 358; x_wconf 75' lang='grc' dir='ltr'>Λεσβίους</span> <span class='ocrx_word' id='word_1_14' title='bbox 312 279 493 358; x_wconf 73' lang='grc' dir='ltr'>ἐπεκράτησε,</span> <span class='ocrx_word' id='word_1_15' title='bbox 508 285 539 340; x_wconf 81' lang='grc' dir='ltr'>ἐκ</span> <span class='ocrx_word' id='word_1_16' title='bbox 550 281 755 359; x_wconf 84' lang='grc' dir='ltr'>Πολίχνηςτῆς</span> <span class='ocrx_word' id='word_1_17' title='bbox 764 282 840 342; x_wconf 91' lang='grc' dir='ltr'>Χίων</span> <span class='ocrx_word' id='word_1_18' title='bbox 852 283 956 362; x_wconf 81' lang='grc' dir='ltr'>όρμειό-</span> 
     </span>
    </p>

    <p class='ocr_par' dir='ltr' id='par_1_2' title="bbox 108 368 956 1502">
     <span class='ocr_line' id='line_1_4' title="bbox 108 368 955 452; baseline 0.005 -24"><span class='ocrx_word' id='word_1_19' title='bbox 108 370 145 430; x_wconf 79' lang='lat'>27</span> <span class='ocrx_word' id='word_1_20' title='bbox 155 394 247 447; x_wconf 88' lang='grc' dir='ltr'>μενος.</span> <span class='ocrx_word' id='word_1_21' title='bbox 288 368 384 428; x_wconf 82' lang='grc' dir='ltr'>Φιλέει</span> <span class='ocrx_word' id='word_1_22' title='bbox 405 369 436 428; x_wconf 86' lang='grc' dir='ltr'>δέ</span> <span class='ocrx_word' id='word_1_23' title='bbox 456 395 509 432; x_wconf 88' lang='grc' dir='ltr'>κως</span> <span class='ocrx_word' id='word_1_24' title='bbox 524 369 726 445; x_wconf 80' lang='grc' dir='ltr'>προσημαίνειν</span> <span class='ocrx_word' id='word_1_25' title='bbox 743 368 796 430; x_wconf 74' lang='grc' dir='ltr'>εὖτ’</span> <span class='ocrx_word' id='word_1_26' title='bbox 809 368 843 431; x_wconf 84' lang='grc' dir='ltr'>όιν</span> <span class='ocrx_word' id='word_1_27' title='bbox 860 374 955 452; x_wconf 82' lang='grc' dir='ltr'>μέλλῃ</span> 
     </span>
     <span class='ocr_line' id='line_1_5' title="bbox 154 455 956 538; baseline 0.006 -22"><span class='ocrx_word' id='word_1_28' title='bbox 154 456 267 538; x_wconf 64' lang='grc' dir='ltr'>μεγὼ</span> <span class='ocrx_word' id='word_1_29' title='bbox 280 455 380 533; x_wconf 74' lang='grc' dir='ltr'>κακόῆ</span> <span class='ocrx_word' id='word_1_30' title='bbox 392 455 461 516; x_wconf 92' lang='grc' dir='ltr'>πόλι</span> <span class='ocrx_word' id='word_1_31' title='bbox 473 455 493 532; x_wconf 85' lang='grc' dir='ltr'>ἦ</span> <span class='ocrx_word' id='word_1_32' title='bbox 506 456 578 516; x_wconf 84' lang='grc' dir='ltr'>έθνεῖ</span> <span class='ocrx_word' id='word_1_33' title='bbox 592 456 717 516; x_wconf 83' lang='grc' dir='ltr'>ἔσεσθαι·</span> <span class='ocrx_word' id='word_1_34' title='bbox 732 457 778 516; x_wconf 82' lang='grc' dir='ltr'>καὶ</span> <span class='ocrx_word' id='word_1_35' title='bbox 791 457 846 538; x_wconf 76' lang='grc' dir='ltr'>γόρ</span> <span class='ocrx_word' id='word_1_36' title='bbox 856 461 956 524; x_wconf 83' lang='grc' dir='ltr'>Χίοισι</span> 
     </span>
     <span class='ocr_line' id='line_1_6' title="bbox 154 543 955 625; baseline 0.006 -21"><span class='ocrx_word' id='word_1_37' title='bbox 154 543 210 622; x_wconf 80' lang='grc' dir='ltr'>πρό</span> <span class='ocrx_word' id='word_1_38' title='bbox 222 543 327 604; x_wconf 78' lang='grc' dir='ltr'>τούτων</span> <span class='ocrx_word' id='word_1_39' title='bbox 339 543 449 621; x_wconf 83' lang='grc' dir='ltr'>σημήία</span> <span class='ocrx_word' id='word_1_40' title='bbox 461 543 575 625; x_wconf 85' lang='grc' dir='ltr'>μεγόλα</span> <span class='ocrx_word' id='word_1_41' title='bbox 593 544 712 624; x_wconf 78' lang='grc' dir='ltr'>ἐγένετο·</span> <span class='ocrx_word' id='word_1_42' title='bbox 731 547 815 606; x_wconf 68' lang='grc' dir='ltr'>τοῦτο</span> <span class='ocrx_word' id='word_1_43' title='bbox 830 548 883 623; x_wconf 89' lang='grc' dir='ltr'>μέν</span> <span class='ocrx_word' id='word_1_44' title='bbox 898 555 955 624; x_wconf 85' lang='grc' dir='ltr'>σφι</span> 
     </span>
     <span class='ocr_line' id='line_1_7' title="bbox 154 629 955 710; baseline 0.006 -20"><span class='ocrx_word' id='word_1_45' title='bbox 154 632 286 710; x_wconf 79' lang='grc' dir='ltr'>πέμψασι</span> <span class='ocrx_word' id='word_1_46' title='bbox 309 635 337 694; x_wconf 79' lang='grc' dir='ltr'>ἒς</span> <span class='ocrx_word' id='word_1_47' title='bbox 360 629 493 708; x_wconf 74' lang='grc' dir='ltr'>Δελῴοός</span> <span class='ocrx_word' id='word_1_48' title='bbox 518 629 606 710; x_wconf 83' lang='grc' dir='ltr'>χορόν</span> <span class='ocrx_word' id='word_1_49' title='bbox 632 632 758 707; x_wconf 78' lang='grc' dir='ltr'>νεηνιέων</span> <span class='ocrx_word' id='word_1_50' title='bbox 784 633 881 694; x_wconf 80' lang='grc' dir='ltr'>ἑκατόν</span> <span class='ocrx_word' id='word_1_51' title='bbox 904 635 955 696; x_wconf 80' lang='grc' dir='ltr'>δύο</span> 
     </span>
     <span class='ocr_line' id='line_1_8' title="bbox 154 718 955 795; baseline 0.002 -15"><span class='ocrx_word' id='word_1_52' title='bbox 154 723 252 795; x_wconf 80' lang='grc' dir='ltr'>μοῦνοι</span> <span class='ocrx_word' id='word_1_53' title='bbox 272 718 377 780; x_wconf 84' lang='grc' dir='ltr'>τοότων</span> <span class='ocrx_word' id='word_1_54' title='bbox 398 718 606 794; x_wconf 80' lang='grc' dir='ltr'>ἀπενόστησαν·</span> <span class='ocrx_word' id='word_1_55' title='bbox 627 719 692 782; x_wconf 79' lang='grc' dir='ltr'>τούς</span> <span class='ocrx_word' id='word_1_56' title='bbox 712 719 742 780; x_wconf 82' lang='grc' dir='ltr'>δὲ</span> <span class='ocrx_word' id='word_1_57' title='bbox 763 719 835 780; x_wconf 79' lang='grc' dir='ltr'>ὀκτώ</span> <span class='ocrx_word' id='word_1_58' title='bbox 855 747 887 780; x_wconf 94' lang='grc' dir='ltr'>τε</span> <span class='ocrx_word' id='word_1_59' title='bbox 907 726 955 783; x_wconf 83' lang='grc' dir='ltr'>καὶ</span> 
     </span>
     <span class='ocr_line' id='line_1_9' title="bbox 154 805 954 884; baseline 0.001 -17"><span class='ocrx_word' id='word_1_60' title='bbox 154 806 334 883; x_wconf 72' lang='grc' dir='ltr'>ἐννενήκοντα</span> <span class='ocrx_word' id='word_1_61' title='bbox 346 806 437 868; x_wconf 74' lang='grc' dir='ltr'>αὐτῶν</span> <span class='ocrx_word' id='word_1_62' title='bbox 450 806 550 884; x_wconf 80' lang='grc' dir='ltr'>λοιμός</span> <span class='ocrx_word' id='word_1_63' title='bbox 563 805 719 881; x_wconf 71' lang='grc' dir='ltr'>ὕπολαβαὶν</span> <span class='ocrx_word' id='word_1_64' title='bbox 732 805 872 882; x_wconf 78' lang='grc' dir='ltr'>ἀπήνεικε·</span> <span class='ocrx_word' id='word_1_65' title='bbox 890 813 954 868; x_wconf 80' lang='grc' dir='ltr'>τοῦ·</span> 
     </span>
     <span class='ocr_line' id='line_1_10' title="bbox 153 892 955 976; baseline 0.005 -22"><span class='ocrx_word' id='word_1_66' title='bbox 153 919 187 954; x_wconf 89' lang='grc' dir='ltr'>το</span> <span class='ocrx_word' id='word_1_67' title='bbox 202 895 232 954; x_wconf 80' lang='grc' dir='ltr'>δὲ</span> <span class='ocrx_word' id='word_1_68' title='bbox 250 901 280 956; x_wconf 81' lang='grc' dir='ltr'>ἐν</span> <span class='ocrx_word' id='word_1_69' title='bbox 297 901 334 975; x_wconf 80' lang='grc' dir='ltr'>τῇ</span> <span class='ocrx_word' id='word_1_70' title='bbox 351 895 422 956; x_wconf 90' lang='grc' dir='ltr'>πόλι</span> <span class='ocrx_word' id='word_1_71' title='bbox 439 893 489 956; x_wconf 84' lang='grc' dir='ltr'>τόν</span> <span class='ocrx_word' id='word_1_72' title='bbox 508 892 592 954; x_wconf 79' lang='grc' dir='ltr'>αὖτόν</span> <span class='ocrx_word' id='word_1_73' title='bbox 612 897 712 954; x_wconf 80' lang='grc' dir='ltr'>τοῦτον</span> <span class='ocrx_word' id='word_1_74' title='bbox 731 894 841 972; x_wconf 87' lang='grc' dir='ltr'>χρόνον,</span> <span class='ocrx_word' id='word_1_75' title='bbox 855 894 955 976; x_wconf 84' lang='grc' dir='ltr'>ὀλίγον</span> 
     </span>
     <span class='ocr_line' id='line_1_11' title="bbox 153 980 954 1064; baseline 0.005 -24"><span class='ocrx_word' id='word_1_76' title='bbox 153 981 208 1060; x_wconf 80' lang='grc' dir='ltr'>πρό</span> <span class='ocrx_word' id='word_1_77' title='bbox 221 988 273 1060; x_wconf 80' lang='grc' dir='ltr'>τῆς</span> <span class='ocrx_word' id='word_1_78' title='bbox 286 984 448 1064; x_wconf 77' lang='grc' dir='ltr'>ναυμαχίης,</span> <span class='ocrx_word' id='word_1_79' title='bbox 462 983 547 1042; x_wconf 88' lang='grc' dir='ltr'>παισὶ</span> <span class='ocrx_word' id='word_1_80' title='bbox 558 980 711 1062; x_wconf 89' lang='grc' dir='ltr'>γρόμματα</span> <span class='ocrx_word' id='word_1_81' title='bbox 726 981 954 1060; x_wconf 79' lang='grc' dir='ltr'>διδασκομένοισι</span> 
     </span>
     <span class='ocr_line' id='line_1_12' title="bbox 153 1069 953 1153; baseline 0.003 -23"><span class='ocrx_word' id='word_1_82' title='bbox 153 1071 267 1131; x_wconf 71' lang='grc' dir='ltr'>ἐνέπεσε</span> <span class='ocrx_word' id='word_1_83' title='bbox 280 1071 299 1148; x_wconf 83' lang='grc' dir='ltr'>ή</span> <span class='ocrx_word' id='word_1_84' title='bbox 312 1073 410 1153; x_wconf 82' lang='grc' dir='ltr'>στέγη,</span> <span class='ocrx_word' id='word_1_85' title='bbox 424 1069 498 1132; x_wconf 79' lang='grc' dir='ltr'>ὥστε</span> <span class='ocrx_word' id='word_1_86' title='bbox 511 1069 559 1130; x_wconf 76' lang='grc' dir='ltr'>ἀπ’</span> <span class='ocrx_word' id='word_1_87' title='bbox 573 1069 671 1130; x_wconf 81' lang='grc' dir='ltr'>ἑκατόν</span> <span class='ocrx_word' id='word_1_88' title='bbox 684 1069 730 1128; x_wconf 87' lang='grc' dir='ltr'>καὶ</span> <span class='ocrx_word' id='word_1_89' title='bbox 743 1070 833 1130; x_wconf 84' lang='grc' dir='ltr'>εἴκοσι</span> <span class='ocrx_word' id='word_1_90' title='bbox 848 1070 953 1132; x_wconf 80' lang='grc' dir='ltr'>παίδων</span> 
     </span>
     <span class='ocr_line' id='line_1_13' title="bbox 154 1156 954 1239; baseline 0.006 -23"><span class='ocrx_word' id='word_1_91' title='bbox 154 1157 192 1222; x_wconf 79' lang='grc' dir='ltr'>εἷς</span> <span class='ocrx_word' id='word_1_92' title='bbox 203 1163 305 1236; x_wconf 81' lang='grc' dir='ltr'>μοῦνος</span> <span class='ocrx_word' id='word_1_93' title='bbox 324 1158 461 1239; x_wconf 75' lang='grc' dir='ltr'>ἀπέφυγε.</span> <span class='ocrx_word' id='word_1_94' title='bbox 501 1161 590 1219; x_wconf 80' lang='grc' dir='ltr'>ταῦτα</span> <span class='ocrx_word' id='word_1_95' title='bbox 603 1157 655 1234; x_wconf 91' lang='grc' dir='ltr'>μέν</span> <span class='ocrx_word' id='word_1_96' title='bbox 668 1163 724 1233; x_wconf 80' lang='grc' dir='ltr'>σφι</span> <span class='ocrx_word' id='word_1_97' title='bbox 737 1156 847 1234; x_wconf 87' lang='grc' dir='ltr'>σημήῖα</span> <span class='ocrx_word' id='word_1_98' title='bbox 860 1157 877 1218; x_wconf 85' lang='grc' dir='ltr'>ό</span> <span class='ocrx_word' id='word_1_99' title='bbox 890 1159 954 1223; x_wconf 78' lang='grc' dir='ltr'>θεός</span> 
     </span>
     <span class='ocr_line' id='line_1_14' title="bbox 152 1244 953 1324; baseline 0.004 -20"><span class='ocrx_word' id='word_1_100' title='bbox 152 1247 292 1322; x_wconf 82' lang='grc' dir='ltr'>προέδεξε·</span> <span class='ocrx_word' id='word_1_101' title='bbox 312 1245 384 1323; x_wconf 77' lang='grc' dir='ltr'>μετό</span> <span class='ocrx_word' id='word_1_102' title='bbox 402 1246 432 1305; x_wconf 85' lang='grc' dir='ltr'>δὲ</span> <span class='ocrx_word' id='word_1_103' title='bbox 448 1245 580 1321; x_wconf 82' lang='grc' dir='ltr'>ταῦτα,ἤ</span> <span class='ocrx_word' id='word_1_104' title='bbox 600 1245 741 1324; x_wconf 84' lang='grc' dir='ltr'>ναυμαχίη</span> <span class='ocrx_word' id='word_1_105' title='bbox 760 1244 953 1322; x_wconf 76' lang='grc' dir='ltr'>υπολαβοῦσα</span> 
     </span>
     <span class='ocr_line' id='line_1_15' title="bbox 152 1333 953 1414; baseline 0.001 -21"><span class='ocrx_word' id='word_1_106' title='bbox 152 1337 181 1396; x_wconf 83' lang='grc' dir='ltr'>ές</span> <span class='ocrx_word' id='word_1_107' title='bbox 196 1334 265 1414; x_wconf 83' lang='grc' dir='ltr'>γόνυ</span> <span class='ocrx_word' id='word_1_108' title='bbox 277 1333 329 1409; x_wconf 83' lang='grc' dir='ltr'>τήν</span> <span class='ocrx_word' id='word_1_109' title='bbox 341 1333 428 1394; x_wconf 89' lang='grc' dir='ltr'>πόλιν</span> <span class='ocrx_word' id='word_1_110' title='bbox 441 1334 539 1410; x_wconf 80' lang='grc' dir='ltr'>ἔβαλε·</span> <span class='ocrx_word' id='word_1_111' title='bbox 561 1333 607 1392; x_wconf 83' lang='grc' dir='ltr'>ε’πὶ</span> <span class='ocrx_word' id='word_1_112' title='bbox 626 1333 655 1392; x_wconf 83' lang='grc' dir='ltr'>δὲ</span> <span class='ocrx_word' id='word_1_113' title='bbox 675 1336 711 1411; x_wconf 85' lang='grc' dir='ltr'>τῇ</span> <span class='ocrx_word' id='word_1_114' title='bbox 731 1335 872 1413; x_wconf 83' lang='grc' dir='ltr'>ναυμαχίῃ</span> <span class='ocrx_word' id='word_1_115' title='bbox 891 1339 953 1394; x_wconf 82' lang='grc' dir='ltr'>ἐπε-</span> 
     </span>
     <span class='ocr_line' id='line_1_16' title="bbox 152 1420 953 1502; baseline 0.002 -22"><span class='ocrx_word' id='word_1_116' title='bbox 152 1422 247 1501; x_wconf 82' lang='grc' dir='ltr'>γένετο</span> <span class='ocrx_word' id='word_1_117' title='bbox 269 1420 401 1484; x_wconf 86' lang='grc' dir='ltr'>Ἱστιαῖος</span> <span class='ocrx_word' id='word_1_118' title='bbox 422 1421 565 1497; x_wconf 81' lang='grc' dir='ltr'>Λεσβίους</span> <span class='ocrx_word' id='word_1_119' title='bbox 591 1420 675 1502; x_wconf 78' lang='grc' dir='ltr'>ἄγων·</span> <span class='ocrx_word' id='word_1_120' title='bbox 703 1422 896 1498; x_wconf 87' lang='grc' dir='ltr'>κεκακωμένων</span> <span class='ocrx_word' id='word_1_121' title='bbox 922 1423 953 1482; x_wconf 81' lang='grc' dir='ltr'>δὲ</span> 
     </span>
    </p>

    <p class='ocr_par' dir='ltr' id='par_1_3' title="bbox 134 1507 952 1585">
     <span class='ocr_line' id='line_1_17' title="bbox 134 1507 952 1585; baseline 0.004 -18"><span class='ocrx_word' id='word_1_122' title='bbox 134 1529 137 1538; x_wconf 83' lang='grc'><strong>“</strong></span> <span class='ocrx_word' id='word_1_123' title='bbox 152 1512 208 1567; x_wconf 80' lang='grc' dir='ltr'>τῶν</span> <span class='ocrx_word' id='word_1_124' title='bbox 220 1509 305 1578; x_wconf 89' lang='grc' dir='ltr'>Χίων,</span> <span class='ocrx_word' id='word_1_125' title='bbox 319 1507 519 1584; x_wconf 82' lang='grc' dir='ltr'>καταστροφήν</span> <span class='ocrx_word' id='word_1_126' title='bbox 539 1507 672 1572; x_wconf 76' lang='grc' dir='ltr'>εὐπετέως</span> <span class='ocrx_word' id='word_1_127' title='bbox 684 1507 774 1570; x_wconf 73' lang='grc' dir='ltr'>αὐτῶν</span> <span class='ocrx_word' id='word_1_128' title='bbox 787 1508 952 1585; x_wconf 80' lang='grc' dir='ltr'>ἐποιήσατο.</span> 
     </span>
    </p>

    <p class='ocr_par' dir='ltr' id='par_1_4' title="bbox 104 1594 954 2728">
     <span class='ocr_line' id='line_1_18' title="bbox 104 1594 951 1673; baseline 0.004 -19"><span class='ocrx_word' id='word_1_129' title='bbox 104 1596 144 1654; x_wconf 76' lang='grc'>28</span> <span class='ocrx_word' id='word_1_130' title='bbox 192 1594 337 1655; x_wconf 82' lang='grc' dir='ltr'>Ἐνθεΰτεν</span> <span class='ocrx_word' id='word_1_131' title='bbox 353 1594 382 1654; x_wconf 82' lang='grc' dir='ltr'>δὲ</span> <span class='ocrx_word' id='word_1_132' title='bbox 403 1595 564 1660; x_wconf 87' lang='grc' dir='ltr'>όἹστιαῖος</span> <span class='ocrx_word' id='word_1_133' title='bbox 582 1595 763 1673; x_wconf 71' lang='grc' dir='ltr'>ἐστρατεύετο</span> <span class='ocrx_word' id='word_1_134' title='bbox 784 1596 829 1656; x_wconf 83' lang='grc' dir='ltr'>ε’πὶ</span> <span class='ocrx_word' id='word_1_135' title='bbox 845 1596 951 1673; x_wconf 84' lang='grc' dir='ltr'>Θόσον,</span> 
     </span>
     <span class='ocr_line' id='line_1_19' title="bbox 152 1680 954 1764; baseline 0 -22"><span class='ocrx_word' id='word_1_136' title='bbox 152 1680 228 1763; x_wconf 76' lang='grc' dir='ltr'>ἄγων</span> <span class='ocrx_word' id='word_1_137' title='bbox 243 1681 341 1743; x_wconf 84' lang='grc' dir='ltr'>Ἰιόνων</span> <span class='ocrx_word' id='word_1_138' title='bbox 361 1682 407 1742; x_wconf 86' lang='grc' dir='ltr'>καὶ</span> <span class='ocrx_word' id='word_1_139' title='bbox 429 1683 552 1744; x_wconf 80' lang='grc' dir='ltr'>Αἰολέων</span> <span class='ocrx_word' id='word_1_140' title='bbox 573 1684 704 1762; x_wconf 80' lang='grc' dir='ltr'>συχνούς.</span> <span class='ocrx_word' id='word_1_141' title='bbox 744 1685 954 1764; x_wconf 78' lang='grc' dir='ltr'>περικατημένῳ</span> 
     </span>
     <span class='ocr_line' id='line_1_20' title="bbox 152 1769 951 1852; baseline 0.003 -22"><span class='ocrx_word' id='word_1_142' title='bbox 152 1769 185 1830; x_wconf 89' lang='grc' dir='ltr'>δέ</span> <span class='ocrx_word' id='word_1_143' title='bbox 203 1773 230 1830; x_wconf 84' lang='grc' dir='ltr'>οἶ</span> <span class='ocrx_word' id='word_1_144' title='bbox 242 1769 339 1831; x_wconf 85' lang='grc' dir='ltr'>Θόσον</span> <span class='ocrx_word' id='word_1_145' title='bbox 357 1770 428 1847; x_wconf 84' lang='grc' dir='ltr'>ἦλθε</span> <span class='ocrx_word' id='word_1_146' title='bbox 449 1770 577 1852; x_wconf 85' lang='grc' dir='ltr'>α’γγελίη,</span> <span class='ocrx_word' id='word_1_147' title='bbox 592 1771 627 1835; x_wconf 78' lang='grc' dir='ltr'>ὦς</span> <span class='ocrx_word' id='word_1_148' title='bbox 640 1775 667 1832; x_wconf 82' lang='grc' dir='ltr'>οἱ</span> <span class='ocrx_word' id='word_1_149' title='bbox 679 1773 804 1835; x_wconf 85' lang='grc' dir='ltr'>Φοίνικες</span> <span class='ocrx_word' id='word_1_150' title='bbox 823 1771 951 1832; x_wconf 74' lang='grc' dir='ltr'>ἀναπλεό-</span> 
     </span>
     <span class='ocr_line' id='line_1_21' title="bbox 152 1858 951 1936; baseline 0.004 -18"><span class='ocrx_word' id='word_1_151' title='bbox 152 1883 217 1919; x_wconf 89' lang='grc' dir='ltr'>ουσι</span> <span class='ocrx_word' id='word_1_152' title='bbox 237 1863 267 1918; x_wconf 89' lang='grc' dir='ltr'>ε’κ</span> <span class='ocrx_word' id='word_1_153' title='bbox 287 1863 337 1935; x_wconf 82' lang='grc' dir='ltr'>τῆς</span> <span class='ocrx_word' id='word_1_154' title='bbox 350 1859 482 1936; x_wconf 76' lang='grc' dir='ltr'>Μιλήτου</span> <span class='ocrx_word' id='word_1_155' title='bbox 498 1859 545 1918; x_wconf 84' lang='grc' dir='ltr'>ε’πὶ</span> <span class='ocrx_word' id='word_1_156' title='bbox 559 1859 612 1935; x_wconf 80' lang='grc' dir='ltr'>τήν</span> <span class='ocrx_word' id='word_1_157' title='bbox 625 1859 718 1934; x_wconf 80' lang='grc' dir='ltr'>ἄλλην</span> <span class='ocrx_word' id='word_1_158' title='bbox 729 1858 845 1934; x_wconf 86' lang='grc' dir='ltr'>Ἰωνίην·</span> <span class='ocrx_word' id='word_1_159' title='bbox 865 1860 951 1921; x_wconf 85' lang='grc' dir='ltr'>πυθό·</span> 
     </span>
     <span class='ocr_line' id='line_1_22' title="bbox 151 1945 952 2025; baseline -0.002 -15"><span class='ocrx_word' id='word_1_160' title='bbox 151 1971 235 2024; x_wconf 86' lang='grc' dir='ltr'>μενος</span> <span class='ocrx_word' id='word_1_161' title='bbox 248 1947 278 2008; x_wconf 80' lang='grc' dir='ltr'>δὲ</span> <span class='ocrx_word' id='word_1_162' title='bbox 296 1952 385 2008; x_wconf 82' lang='grc' dir='ltr'>ταῦτα</span> <span class='ocrx_word' id='word_1_163' title='bbox 398 1946 496 2008; x_wconf 82' lang='grc' dir='ltr'>Θάσον</span> <span class='ocrx_word' id='word_1_164' title='bbox 515 1949 568 2025; x_wconf 79' lang='grc' dir='ltr'>μὲν</span> <span class='ocrx_word' id='word_1_165' title='bbox 584 1945 744 2023; x_wconf 80' lang='grc' dir='ltr'>ἀπόρθητον</span> <span class='ocrx_word' id='word_1_166' title='bbox 756 1946 855 2016; x_wconf 88' lang='grc' dir='ltr'>λείπει,</span> <span class='ocrx_word' id='word_1_167' title='bbox 869 1945 952 2011; x_wconf 77' lang='grc' dir='ltr'>αὖτδς</span> 
     </span>
     <span class='ocr_line' id='line_1_23' title="bbox 151 2032 951 2116; baseline 0 -22"><span class='ocrx_word' id='word_1_168' title='bbox 151 2034 182 2095; x_wconf 76' lang='grc' dir='ltr'>δὲ</span> <span class='ocrx_word' id='word_1_169' title='bbox 195 2041 222 2100; x_wconf 85' lang='grc' dir='ltr'>ές</span> <span class='ocrx_word' id='word_1_170' title='bbox 234 2037 286 2113; x_wconf 83' lang='grc' dir='ltr'>τήν</span> <span class='ocrx_word' id='word_1_171' title='bbox 299 2038 417 2113; x_wconf 84' lang='grc' dir='ltr'>Λέσβον</span> <span class='ocrx_word' id='word_1_172' title='bbox 433 2035 564 2116; x_wconf 83' lang='grc' dir='ltr'>ἠπείγετο</span> <span class='ocrx_word' id='word_1_173' title='bbox 584 2033 659 2115; x_wconf 82' lang='grc' dir='ltr'>όγων</span> <span class='ocrx_word' id='word_1_174' title='bbox 677 2036 775 2094; x_wconf 81' lang='grc' dir='ltr'>πᾶσαν</span> <span class='ocrx_word' id='word_1_175' title='bbox 793 2032 846 2109; x_wconf 82' lang='grc' dir='ltr'>τήν</span> <span class='ocrx_word' id='word_1_176' title='bbox 865 2059 951 2110; x_wconf 86' lang='grc' dir='ltr'>στρα-</span> 
     </span>
     <span class='ocr_line' id='line_1_24' title="bbox 151 2120 950 2199; baseline 0.003 -16"><span class='ocrx_word' id='word_1_177' title='bbox 151 2123 223 2199; x_wconf 86' lang='grc' dir='ltr'>τιήν·</span> <span class='ocrx_word' id='word_1_178' title='bbox 244 2129 274 2184; x_wconf 80' lang='grc' dir='ltr'>ἐκ</span> <span class='ocrx_word' id='word_1_179' title='bbox 294 2125 414 2199; x_wconf 82' lang='grc' dir='ltr'>Λέσβου</span> <span class='ocrx_word' id='word_1_180' title='bbox 435 2123 472 2195; x_wconf 84' lang='grc' dir='ltr'>δὲ,</span> <span class='ocrx_word' id='word_1_181' title='bbox 490 2120 676 2199; x_wconf 77' lang='grc' dir='ltr'>λιμαινούσης</span> <span class='ocrx_word' id='word_1_182' title='bbox 694 2123 721 2180; x_wconf 82' lang='grc' dir='ltr'>οἱ</span> <span class='ocrx_word' id='word_1_183' title='bbox 740 2125 791 2196; x_wconf 74' lang='grc' dir='ltr'>τῆς</span> <span class='ocrx_word' id='word_1_184' title='bbox 808 2126 950 2198; x_wconf 82' lang='grc' dir='ltr'>στρατιῆς,</span> 
     </span>
     <span class='ocr_line' id='line_1_25' title="bbox 152 2205 952 2287; baseline -0.001 -18"><span class='ocrx_word' id='word_1_185' title='bbox 152 2213 239 2287; x_wconf 88' lang='grc' dir='ltr'>πέρην</span> <span class='ocrx_word' id='word_1_186' title='bbox 259 2211 397 2286; x_wconf 84' lang='grc' dir='ltr'>διαβαίνει</span> <span class='ocrx_word' id='word_1_187' title='bbox 418 2214 449 2268; x_wconf 80' lang='grc' dir='ltr'>ἐκ</span> <span class='ocrx_word' id='word_1_188' title='bbox 468 2213 518 2270; x_wconf 84' lang='grc' dir='ltr'>τοῦ</span> <span class='ocrx_word' id='word_1_189' title='bbox 539 2208 687 2286; x_wconf 85' lang='grc' dir='ltr'>Ἀταρνέος</span> <span class='ocrx_word' id='word_1_190' title='bbox 708 2207 744 2272; x_wconf 69' lang='grc' dir='ltr'>οἷς</span> <span class='ocrx_word' id='word_1_191' title='bbox 763 2205 881 2284; x_wconf 82' lang='grc' dir='ltr'>α’μήσων</span> <span class='ocrx_word' id='word_1_192' title='bbox 900 2207 952 2268; x_wconf 80' lang='grc' dir='ltr'>τόν</span> 
     </span>
     <span class='ocr_line' id='line_1_26' title="bbox 152 2294 952 2366; baseline 0 -10"><span class='ocrx_word' id='word_1_193' title='bbox 152 2300 241 2366; x_wconf 80' lang='grc' dir='ltr'>σῖτον,</span> <span class='ocrx_word' id='word_1_194' title='bbox 254 2296 304 2358; x_wconf 91' lang='grc' dir='ltr'>τόν</span> <span class='ocrx_word' id='word_1_195' title='bbox 316 2322 347 2356; x_wconf 87' lang='grc' dir='ltr'>τε</span> <span class='ocrx_word' id='word_1_196' title='bbox 361 2297 484 2357; x_wconf 72' lang='grc' dir='ltr'>ἐνθεῦτεν</span> <span class='ocrx_word' id='word_1_197' title='bbox 498 2297 544 2356; x_wconf 86' lang='grc' dir='ltr'>καὶ</span> <span class='ocrx_word' id='word_1_198' title='bbox 556 2294 606 2356; x_wconf 86' lang='grc' dir='ltr'>τόν</span> <span class='ocrx_word' id='word_1_199' title='bbox 620 2301 651 2356; x_wconf 81' lang='grc' dir='ltr'>ἐκ</span> <span class='ocrx_word' id='word_1_200' title='bbox 664 2296 773 2357; x_wconf 77' lang='grc' dir='ltr'>Καΐκου</span> <span class='ocrx_word' id='word_1_201' title='bbox 790 2294 886 2356; x_wconf 88' lang='grc' dir='ltr'>πεδίου</span> <span class='ocrx_word' id='word_1_202' title='bbox 901 2295 952 2356; x_wconf 80' lang='grc' dir='ltr'>τόν</span> 
     </span>
     <span class='ocr_line' id='line_1_27' title="bbox 151 2381 952 2463; baseline 0 -19"><span class='ocrx_word' id='word_1_203' title='bbox 151 2387 207 2444; x_wconf 80' lang='grc' dir='ltr'>τῶν</span> <span class='ocrx_word' id='word_1_204' title='bbox 220 2388 339 2444; x_wconf 81' lang='grc' dir='ltr'>Μυσῶν·</span> <span class='ocrx_word' id='word_1_205' title='bbox 360 2388 389 2444; x_wconf 78' lang='grc' dir='ltr'>ἐν</span> <span class='ocrx_word' id='word_1_206' title='bbox 402 2383 432 2443; x_wconf 81' lang='grc' dir='ltr'>δὲ</span> <span class='ocrx_word' id='word_1_207' title='bbox 444 2382 570 2444; x_wconf 78' lang='grc' dir='ltr'>τούτοισι</span> <span class='ocrx_word' id='word_1_208' title='bbox 581 2385 659 2444; x_wconf 84' lang='grc' dir='ltr'>τοῖσι</span> <span class='ocrx_word' id='word_1_209' title='bbox 671 2384 800 2463; x_wconf 88' lang='grc' dir='ltr'>χωρίοισι</span> <span class='ocrx_word' id='word_1_210' title='bbox 818 2381 952 2463; x_wconf 75' lang='grc' dir='ltr'>ε’τιίγχανε</span> 
     </span>
     <span class='ocr_line' id='line_1_28' title="bbox 153 2469 953 2553; baseline 0 -23"><span class='ocrx_word' id='word_1_211' title='bbox 153 2470 204 2531; x_wconf 76' lang='grc' dir='ltr'>ε’ὠν</span> <span class='ocrx_word' id='word_1_212' title='bbox 218 2470 373 2552; x_wconf 69' lang='grc' dir='ltr'>Ἅρπαγος,</span> <span class='ocrx_word' id='word_1_213' title='bbox 395 2470 464 2549; x_wconf 78' lang='grc' dir='ltr'>ἁνήρ</span> <span class='ocrx_word' id='word_1_214' title='bbox 487 2471 610 2548; x_wconf 89' lang='grc' dir='ltr'>Πέρσης,</span> <span class='ocrx_word' id='word_1_215' title='bbox 635 2469 794 2553; x_wconf 82' lang='grc' dir='ltr'>στρατηγός</span> <span class='ocrx_word' id='word_1_216' title='bbox 817 2472 953 2547; x_wconf 82' lang='grc' dir='ltr'>στρατιῆς</span> 
     </span>
     <span class='ocr_line' id='line_1_29' title="bbox 152 2555 952 2640; baseline -0.001 -22"><span class='ocrx_word' id='word_1_217' title='bbox 152 2557 203 2618; x_wconf 75' lang='grc' dir='ltr'>οὐκ</span> <span class='ocrx_word' id='word_1_218' title='bbox 225 2557 332 2640; x_wconf 84' lang='grc' dir='ltr'>ὀλίγης·</span> <span class='ocrx_word' id='word_1_219' title='bbox 359 2558 389 2622; x_wconf 84' lang='grc' dir='ltr'>ὅς</span> <span class='ocrx_word' id='word_1_220' title='bbox 412 2561 439 2618; x_wconf 81' lang='grc' dir='ltr'>οἱ</span> <span class='ocrx_word' id='word_1_221' title='bbox 462 2557 604 2636; x_wconf 86' lang='grc' dir='ltr'>α’ποβόντι</span> <span class='ocrx_word' id='word_1_222' title='bbox 631 2559 790 2636; x_wconf 71' lang='grc' dir='ltr'>συμβαλών</span> <span class='ocrx_word' id='word_1_223' title='bbox 817 2555 901 2618; x_wconf 69' lang='grc' dir='ltr'>αὐτόν</span> <span class='ocrx_word' id='word_1_224' title='bbox 920 2583 952 2618; x_wconf 89' lang='grc' dir='ltr'>τε</span> 
     </span>
     <span class='ocr_line' id='line_1_30' title="bbox 152 2644 952 2728; baseline 0 -23"><span class='ocrx_word' id='word_1_225' title='bbox 152 2645 286 2708; x_wconf 81' lang='grc' dir='ltr'>Ἱστιαῖον</span> <span class='ocrx_word' id='word_1_226' title='bbox 299 2647 401 2728; x_wconf 82' lang='grc' dir='ltr'>ζωγρίῃ</span> <span class='ocrx_word' id='word_1_227' title='bbox 415 2647 504 2723; x_wconf 74' lang='grc' dir='ltr'>ἔλαβε</span> <span class='ocrx_word' id='word_1_228' title='bbox 522 2648 569 2708; x_wconf 83' lang='grc' dir='ltr'>καὶ</span> <span class='ocrx_word' id='word_1_229' title='bbox 586 2648 636 2709; x_wconf 83' lang='grc' dir='ltr'>τόν</span> <span class='ocrx_word' id='word_1_230' title='bbox 656 2647 778 2725; x_wconf 82' lang='grc' dir='ltr'>στρατόν</span> <span class='ocrx_word' id='word_1_231' title='bbox 797 2645 882 2708; x_wconf 79' lang='grc' dir='ltr'>αὖτοῦ</span> <span class='ocrx_word' id='word_1_232' title='bbox 901 2644 952 2706; x_wconf 81' lang='grc' dir='ltr'>τόν</span> 
     </span>
    </p>

    <p class='ocr_par' dir='ltr' id='par_1_5' title="bbox 105 2731 956 3344">
     <span class='ocr_line' id='line_1_31' title="bbox 105 2731 954 2817; baseline 0.002 -23"><span class='ocrx_word' id='word_1_233' title='bbox 105 2735 143 2795; x_wconf 81' lang='grc'>29</span> <span class='ocrx_word' id='word_1_234' title='bbox 153 2737 231 2794; x_wconf 90' lang='grc' dir='ltr'>πλέω</span> <span class='ocrx_word' id='word_1_235' title='bbox 249 2735 397 2812; x_wconf 78' lang='grc' dir='ltr'>διέφθειρε.</span> <span class='ocrx_word' id='word_1_236' title='bbox 436 2733 599 2817; x_wconf 81' lang='grc' dir='ltr'>Ἐζωγρήθη</span> <span class='ocrx_word' id='word_1_237' title='bbox 612 2736 642 2796; x_wconf 80' lang='grc' dir='ltr'>δὲ</span> <span class='ocrx_word' id='word_1_238' title='bbox 658 2734 674 2797; x_wconf 82' lang='grc' dir='ltr'>ὁ</span> <span class='ocrx_word' id='word_1_239' title='bbox 688 2734 820 2799; x_wconf 82' lang='grc' dir='ltr'>Ἱστιαῖος</span> <span class='ocrx_word' id='word_1_240' title='bbox 834 2731 894 2794; x_wconf 81' lang='grc' dir='ltr'>ὦδε·</span> <span class='ocrx_word' id='word_1_241' title='bbox 916 2731 954 2796; x_wconf 64' lang='lat' dir='ltr'>ds</span> 
     </span>
     <span class='ocr_line' id='line_1_32' title="bbox 153 2819 953 2905; baseline -0.003 -21"><span class='ocrx_word' id='word_1_242' title='bbox 153 2823 291 2905; x_wconf 78' lang='grc' dir='ltr'>έμόχοντο</span> <span class='ocrx_word' id='word_1_243' title='bbox 310 2825 487 2901; x_wconf 70' lang='grc' dir='ltr'>οἱἙλληνες</span> <span class='ocrx_word' id='word_1_244' title='bbox 498 2828 575 2885; x_wconf 80' lang='grc' dir='ltr'>τοῖσι</span> <span class='ocrx_word' id='word_1_245' title='bbox 588 2826 723 2904; x_wconf 85' lang='grc' dir='ltr'>Πέρσῃσι</span> <span class='ocrx_word' id='word_1_246' title='bbox 736 2828 766 2886; x_wconf 82' lang='grc' dir='ltr'>ἐν</span> <span class='ocrx_word' id='word_1_247' title='bbox 777 2827 814 2902; x_wconf 80' lang='grc' dir='ltr'>τῇ</span> <span class='ocrx_word' id='word_1_248' title='bbox 827 2819 953 2900; x_wconf 86' lang='grc' dir='ltr'>Μαλήνῃ</span> 
     </span>
     <span class='ocr_line' id='line_1_33' title="bbox 151 2907 954 2992; baseline -0.007 -16"><span class='ocrx_word' id='word_1_249' title='bbox 151 2915 203 2990; x_wconf 81' lang='grc' dir='ltr'>τῆς</span> <span class='ocrx_word' id='word_1_250' title='bbox 214 2911 416 2992; x_wconf 88' lang='grc' dir='ltr'>Ἀταρνείτιδος</span> <span class='ocrx_word' id='word_1_251' title='bbox 434 2911 535 2992; x_wconf 76' lang='grc' dir='ltr'>χαίρῃς,</span> <span class='ocrx_word' id='word_1_252' title='bbox 550 2915 641 2991; x_wconf 82' lang='grc' dir='ltr'>οἱμὲν</span> <span class='ocrx_word' id='word_1_253' title='bbox 654 2913 834 2974; x_wconf 87' lang='grc' dir='ltr'>συνέστασαν</span> <span class='ocrx_word' id='word_1_254' title='bbox 850 2907 954 2990; x_wconf 88' lang='grc' dir='ltr'>χρόνον</span> 
     </span>
     <span class='ocr_line' id='line_1_34' title="bbox 153 2996 954 3079; baseline -0.011 -15"><span class='ocrx_word' id='word_1_255' title='bbox 153 3002 200 3064; x_wconf 78' lang='grc' dir='ltr'>έπὶ</span> <span class='ocrx_word' id='word_1_256' title='bbox 211 3000 360 3079; x_wconf 82' lang='grc' dir='ltr'>πολλόν,ή</span> <span class='ocrx_word' id='word_1_257' title='bbox 374 3001 404 3062; x_wconf 78' lang='grc' dir='ltr'>δὲ</span> <span class='ocrx_word' id='word_1_258' title='bbox 417 3001 501 3064; x_wconf 76' lang='grc' dir='ltr'>ἵππος</span> <span class='ocrx_word' id='word_1_259' title='bbox 513 2999 632 3078; x_wconf 82' lang='grc' dir='ltr'>ὕστερον</span> <span class='ocrx_word' id='word_1_260' title='bbox 642 3000 800 3079; x_wconf 79' lang='grc' dir='ltr'>ὁρμηθεῖσα</span> <span class='ocrx_word' id='word_1_261' title='bbox 811 2996 954 3058; x_wconf 87' lang='grc' dir='ltr'>ε’πιπίπτει</span> 
     </span>
     <span class='ocr_line' id='line_1_35' title="bbox 151 3084 955 3170; baseline -0.012 -16"><span class='ocrx_word' id='word_1_262' title='bbox 151 3095 228 3154; x_wconf 80' lang='grc' dir='ltr'>τοῖσι</span> <span class='ocrx_word' id='word_1_263' title='bbox 236 3092 374 3170; x_wconf 82' lang='grc' dir='ltr'>Ἕλλησι·</span> <span class='ocrx_word' id='word_1_264' title='bbox 394 3089 459 3153; x_wconf 82' lang='grc' dir='ltr'>τότε</span> <span class='ocrx_word' id='word_1_265' title='bbox 480 3087 516 3165; x_wconf 79' lang='grc' dir='ltr'>δή</span> <span class='ocrx_word' id='word_1_266' title='bbox 537 3089 617 3170; x_wconf 82' lang='grc' dir='ltr'>ἔργον</span> <span class='ocrx_word' id='word_1_267' title='bbox 631 3093 682 3166; x_wconf 84' lang='grc' dir='ltr'>τῆς</span> <span class='ocrx_word' id='word_1_268' title='bbox 696 3091 784 3150; x_wconf 81' lang='grc' dir='ltr'>ἵππου</span> <span class='ocrx_word' id='word_1_269' title='bbox 796 3091 881 3147; x_wconf 85' lang='grc' dir='ltr'>τοῦτο</span> <span class='ocrx_word' id='word_1_270' title='bbox 895 3084 955 3165; x_wconf 87' lang='grc' dir='ltr'>ε’γέ-</span> 
     </span>
     <span class='ocr_line' id='line_1_36' title="bbox 151 3173 956 3260; baseline -0.007 -18"><span class='ocrx_word' id='word_1_271' title='bbox 151 3205 224 3244; x_wconf 85' lang='grc' dir='ltr'>νετο·</span> <span class='ocrx_word' id='word_1_272' title='bbox 244 3183 291 3244; x_wconf 81' lang='grc' dir='ltr'>καὶ</span> <span class='ocrx_word' id='word_1_273' title='bbox 311 3178 506 3260; x_wconf 88' lang='grc' dir='ltr'>τετραμμένων</span> <span class='ocrx_word' id='word_1_274' title='bbox 528 3181 583 3238; x_wconf 81' lang='grc' dir='ltr'>τῶν</span> <span class='ocrx_word' id='word_1_275' title='bbox 605 3176 758 3254; x_wconf 86' lang='grc' dir='ltr'>Ἑλλήνων,</span> <span class='ocrx_word' id='word_1_276' title='bbox 782 3175 799 3238; x_wconf 82' lang='grc' dir='ltr'>ὁ</span> <span class='ocrx_word' id='word_1_277' title='bbox 819 3173 956 3236; x_wconf 80' lang='grc' dir='ltr'>Ἱστιαῖος</span> 
     </span>
     <span class='ocr_line' id='line_1_37' title="bbox 152 3259 955 3344; baseline -0.007 -14"><span class='ocrx_word' id='word_1_278' title='bbox 152 3271 269 3344; x_wconf 80' lang='grc' dir='ltr'>έλπίζων</span> <span class='ocrx_word' id='word_1_279' title='bbox 281 3271 332 3334; x_wconf 76' lang='grc' dir='ltr'>οὐκ</span> <span class='ocrx_word' id='word_1_280' title='bbox 344 3267 520 3332; x_wconf 77' lang='grc' dir='ltr'>ἀπολέεσθαι</span> <span class='ocrx_word' id='word_1_281' title='bbox 537 3264 593 3326; x_wconf 79' lang='grc' dir='ltr'>όπό</span> <span class='ocrx_word' id='word_1_282' title='bbox 605 3266 747 3341; x_wconf 90' lang='grc' dir='ltr'>βασιλέος</span> <span class='ocrx_word' id='word_1_283' title='bbox 759 3259 805 3324; x_wconf 80' lang='grc' dir='ltr'>διαὶ</span> <span class='ocrx_word' id='word_1_284' title='bbox 818 3260 871 3336; x_wconf 78' lang='grc' dir='ltr'>τήν</span> <span class='ocrx_word' id='word_1_285' title='bbox 883 3283 955 3336; x_wconf 75' lang='grc' dir='ltr'>πωρ-</span> 
     </span>
    </p>
   </div>
   <div class='ocr_carea' id='block_1_2' title="bbox 0 0 1106 3430">
    <p class='ocr_par' dir='ltr' id='par_1_6' title="bbox 0 0 1106 3430">
     <span class='ocr_line' id='line_1_38' title="bbox 0 0 1106 3430; baseline 0 0"><span class='ocrx_word' id='word_1_286' title='bbox 0 0 1106 3430; x_wconf 95' lang='lat' dir='ltr'> </span> 
     </span>
    </p>
   </div>
  </div>
 </body>
</html>
