2280 3432
159 83 206 128 ιιι
460 77 644 126 Ἧοοιουου
878 77 955 142 [v11.

158 157 302 218 τάσκοπον
323 158 417 227 ἱππέα,
440 157 548 216 ἰδέσθαι
568 155 668 216 ὁκόσοι
691 156 723 216 τέ
745 158 802 216 εἰσι
824 157 871 215 καὶ
892 157 907 216 ὅ
928 184 958 220 τι

157 247 276 305 ποιέοιεν
312 244 427 321 ἀκηκόεε
441 244 470 303 δὲ
484 245 523 304 ἔτι
537 243 588 303 εἰδν
607 249 636 303 ε’ν
654 245 811 321 Θεσσαλίῃ,
827 243 862 308 ὦς
875 245 957 306 άλισ-

156 335 226 412 μένη
248 360 289 410 ειη
310 332 396 411 ταύτῃ
418 332 535 408 στρατιή
557 330 650 412 ὀλίγη,
672 333 718 390 καὶ
737 331 802 395 τούς
818 330 957 412 ἡγεμόνας

157 421 193 484 ὦς
207 422 305 497 εἴησαν
323 419 539 496 Λακεδαιμόνιοί
554 445 584 479 τε
603 421 649 478 καὶ
663 419 801 494 Λεωνίδης
815 419 866 478 εἰδν
878 421 957 500 γένος

156 509 349 585 Ἡρακλείδης·
381 507 417 570 ὦς
437 507 466 565 δὲ
484 508 651 584 προσέλασε
672 505 688 566 ό
709 506 808 570 ἱππειλς
833 507 904 584 πρός
922 510 956 569 τδ

157 595 357 673 στρατόπεδον,
376 594 483 670 ἐθηεῖτό
500 619 531 654 τε
549 593 595 652 καὶ
613 592 723 671 κατώρα
738 597 795 654 πᾶν
812 596 863 671 μὲν
877 594 909 654 οὗ
921 596 955 657 τό

157 683 357 760 στρατόπεδον·
370 681 435 745 τούς
443 681 498 763 γάρ
512 683 567 742 έσω
579 683 763 761 τεταγμένους
775 687 826 740 τοῦ
840 683 955 762 τείχεος,

154 771 188 831 τό
212 770 419 848 ἀνορθώσαντες
440 769 516 848 εἶχον
537 775 566 830 έν
587 773 709 848 φυλακῇ,
733 769 782 828 οὐκ
804 769 851 828 οἶά
870 797 902 830 τε
921 771 957 846 ἦν

157 859 327 918 κατιδέσθαι·
349 859 365 918 ὁ
387 859 416 916 δὲ
432 857 497 920 τούς
515 858 565 927 ἔξω
588 857 723 934 ἐμάνθανε
744 860 821 915 τοῖσι
837 856 892 933 πρό
905 863 956 916 τοῦ

154 949 260 1026 τείχεος
272 946 307 1006 τοὶ
321 946 398 1007 ὅπλα
411 947 507 1005 έκειτο·
530 947 627 1024 ἔτυχον
640 945 670 1003 δὲ
682 948 782 1004 τοῦτον
791 943 841 1004 τόν
853 944 955 1024 χρόνον

153 1033 366 1111 Λακεδαιμόνιοι
393 1034 444 1104 ἔξω
470 1033 641 1112 τεταγμένοι·
675 1032 743 1102 τούςΙ
762 1034 815 1109 μὲν
838 1032 872 1106 δὴ
897 1033 955 1111 ὥρα

153 1122 375 1203 γυμναζομένους
387 1127 443 1182 τῶν
456 1121 569 1199 ἀνδρῶν,
584 1121 649 1184 τούς
662 1121 692 1180 δὲ
703 1119 754 1184 τάς
768 1119 856 1196 κόμας
869 1145 954 1182 κτενι-

154 1213 292 1288 ζομένους·
306 1216 393 1270 ταῦτα
404 1211 437 1285 δὴ
449 1209 584 1286 θεώμενος
594 1208 725 1286 ἐθώμαζε,
740 1209 786 1267 καὶ
798 1208 831 1268 τό
844 1211 954 1284 πλῆθος

153 1297 297 1374 ἐμάνθανε,
311 1299 407 1374 μαθών
421 1298 450 1356 δὲ
464 1296 555 1356 πάντα
565 1295 698 1373 ἀτρεκέως
708 1295 852 1372 ἀπήλαυνε
862 1295 954 1358 ὀπίσω

153 1384 212 1444 κατ’
231 1385 361 1462 η’συχίην·
383 1383 446 1443 οὔτε
458 1383 513 1464 γάρ
527 1411 568 1448 τις
585 1385 678 1443 ε’δίωκε
691 1382 808 1464 ἀλογίης
821 1410 852 1443 τε
865 1384 953 1444 ε’νεκό-

152 1498 223 1549 ρησε
236 1476 357 1547 πολλῆς·
380 1472 510 1531 ἀπελθών
524 1473 554 1530 δὲ
568 1473 647 1552 έλεγε
661 1469 731 1548 πρός
746 1471 852 1548 Ξέρξεα
864 1471 953 1550 τόπερ

104 1561 162 1618 209
175 1558 284 1618 ὀπώπεε
300 1559 401 1619 πάντα.
430 1557 552 1618 Ἀκοώων
570 1559 599 1617 δὲ
617 1559 723 1635 Ξέρξης
740 1557 789 1618 οὐκ
806 1559 864 1638 εἶχε
882 1586 953 1636 συμ·

150 1647 295 1722 βαλέσθαι
308 1646 342 1706 τό
354 1647 407 1732 ε’ὀν,
423 1646 466 1706 ὅτι
479 1646 735 1724 παρασκευάζοιντο
750 1646 785 1708 ώς
798 1646 952 1726 ἀπολεόμε-

152 1735 197 1794 νοί
215 1759 246 1793 τε
268 1734 312 1793 καὶ
336 1733 504 1796 ἀπολέοντες
532 1732 601 1794 κατά
629 1733 751 1810 δύναμιν·
787 1733 852 1794 ἀλλ’
881 1735 954 1816 αὐτῷ

150 1826 250 1905 γελοῖα
262 1821 318 1904 γάρ
332 1824 479 1898 ἐφαίνοντο
490 1823 600 1892 ποιέειν,
611 1823 809 1900 μετεπέμψατο
820 1823 951 1901 Δημάρη-

145 1920 200 1972 ’τον
212 1910 262 1972 τόν
274 1910 442 1990 Ἀρίστωνος
456 1910 537 1971 ἐόντα
551 1915 580 1970 ἐν
592 1914 631 1989 τῷ
644 1911 833 1990 στρατοπέδῳ·
856 1911 951 1972 ἀπικό-

144 2005 234 2078 ἓμενον
254 2000 285 2060 δέ
303 2025 352 2077 μιν
369 2000 466 2078 εἰρώτα
482 1999 587 2076 Ξέρξης
604 1999 709 2058 ἕκαστα
722 1998 834 2068 τούτων,
850 2000 952 2060 ἐθέλων

69 2156 73 2165 Ι
150 2089 264 2164 μαθέειν
283 2088 317 2148 τό
337 2088 500 2165 ποιεόμενον
516 2087 586 2164 πρός
603 2087 907 2164 τῶν-Λακεδαιμονίων·
935 2087 951 2147 ό

150 2177 180 2234 δὲ
197 2175 275 2234 εἶπε·
311 2185 329 2211 “
337 2175 460 2252 ἤκουσας
488 2176 540 2252 μέν
567 2202 619 2252 μευ
647 2175 693 2234 καὶ
719 2173 862 2252 πρότερον,
892 2173 952 2235 εὖτε

150 2261 278 2338 ὁρμῶμεν
293 2263 338 2320 ε’πὶ
351 2264 403 2338 την
415 2263 550 2333 Ἑλλάδα,
564 2264 628 2342 περὶ
645 2267 700 2323 τῶν
718 2261 824 2338 ἀνδρῶν
837 2262 950 2324 τούτων·

153 2348 275 2412 ἀκούσας
296 2350 333 2420 δὲ,
353 2349 464 2430 γέλωτά
483 2375 519 2426 με
541 2351 601 2410 ἔθευ
621 2351 741 2431 λέγοντα
762 2349 850 2427 τάπερ
876 2350 952 2428 ὥρων

151 2436 332 2513 ἐκβησόμενα
342 2437 494 2519 πρήγματα
504 2443 601 2498 ταῦτα·
617 2439 678 2515 ε’μοὶ
688 2438 742 2519 γάρ
752 2437 804 2513 τὴν
814 2437 952 2514 ἀληθηΐην

150 2521 261 2582 ἀσκέειν
277 2523 357 2584 ἀντία
372 2529 433 2596 σεῦ,
452 2524 473 2584 ὦ
486 2527 619 2601 βασιλεῦ,
634 2525 709 2606 ἀγών
726 2525 860 2607 μέγιστός
880 2529 950 2586 ἔστι·

150 2608 272 2671 άκουσον
286 2611 315 2670 δὲ
329 2613 375 2671 καὶ
388 2617 446 2672 νῦν·
467 2616 494 2672 οἱ
513 2612 608 2691 ἄνδρες
627 2612 705 2674 οὗτοι
719 2613 851 2690 ἀπίκαται
865 2637 951 2692 μαχε-

151 2696 266 2775 σόμενοι
276 2697 344 2775 ἡμῖν
354 2700 418 2777 περὶ
430 2704 480 2776 τῆς
497 2700 605 2772 ε’σόδου,
620 2702 665 2762 καὶ
678 2701 766 2762 ταθτα
775 2700 951 2778 παρασκευά-

150 2785 252 2856 ζονται·
273 2786 358 2863 νόμος
373 2787 428 2868 γάρ
447 2795 503 2864 σφι
521 2789 589 2850 οὕτω
607 2791 676 2868 έχων
695 2790 766 2849 ε’στί·
788 2788 871 2848 ἐπεάν
883 2790 951 2865 μέλ·

150 2875 224 2932 λωσι
245 2874 406 2935 κινδυνεύειν
426 2880 461 2953 τῇ
482 2881 568 2954 ψυχῇ,
586 2877 650 2937 τότε
671 2876 720 2940 ταὶς
737 2875 864 2952 κεφαλάς
885 2901 951 2936 κοσ·
1001 2937 1030 2945 ὤ

149 2961 272 3036 μέονται·
293 2963 411 3022 έπίσταο
430 2963 468 3031 δὲ,
486 2967 509 3020 εἰ
526 2964 640 3027 τούτους
656 2991 686 3024 τε
703 2965 748 3024 καὶ
762 2964 794 3022 τό
811 2962 952 3038 ὑπομένον
964 2956 1013 3032 ,Γ

151 3051 181 3106 έν
208 3050 323 3129 Σπάρτῃ
346 3050 559 3127 καταστρέψεαι,
584 3051 644 3110 ἔστι
669 3051 745 3110 οὐδὲν
771 3049 846 3109 ἀλλο
873 3046 979 3110 έθνοςΓ
1110 3067 1124 3138 1

151 3132 301 3216 ἀνθρώπων
317 3139 350 3203 τό
370 3142 412 3212 σὲ,
427 3141 560 3216 βασιλεῦ,
574 3137 718 3215 ὕπομενέει
735 3141 830 3216 χεῖρας
843 3135 949 3194 ἀνταει-

150 3223 276 3299 ρόμενον·
298 3233 347 3290 νῦν
359 3229 414 3311 γάρ
429 3225 499 3305 πρός
516 3224 674 3301 βασιληίην
686 3247 717 3283 τε
731 3224 777 3282 καὶ
791 3220 950 3295 καλλίστην
