2294 3430
7 134 31 182 ,
196 111 336 174 188-191]
506 110 693 158 ΠοΛτΜΝΙκ
949 115 995 162 199

195 191 225 248 δὲ
239 195 266 252 ἐς
277 189 461 266 Κασθαναίην
475 188 696 267 ἐξεβράσσοντο·
716 188 751 266 ἦν
761 193 851 249 τετοῦ
863 195 998 270 χειμῶνος

194 283 292 356 χρῆμα
306 277 458 354 ἀφόρητον.
500 279 620 358 Λέγεται
633 278 662 336 δὲ
678 277 772 358 λόγος,
788 277 823 341 ὦς
835 277 977 354 Ἀθηναῖοι
988 282 1043 340 189

194 366 244 425 τόν
265 371 358 445 Βορὴν
379 371 408 425 ἐκ
434 367 602 442 θεοπροπίου
631 366 845 435 ἐπεκαλέσαντο,
868 365 997 430 ἐλθόντος

195 461 250 530 σφι
271 455 362 514 ἄλλου
382 456 556 534 χρηστηρίου
572 455 622 513 τόν
642 454 774 535 γαμβρόν
792 456 937 530 ἐπίκουρον
950 481 996 513 κα·
1051 467 1058 480 ‘

193 543 346 603 λέσασθαι·
382 547 473 619 Βορῆς
497 543 534 615 δὲ,
561 543 631 601 κατὰ
657 542 707 601 τόν
733 541 876 617 Ἑλλήνων
900 542 995 623 λόγον,
1068 615 1077 630 ·

194 631 251 708 ἐχει
280 635 398 711 γυναῖκα
424 629 554 706 Ἀττικὴν
580 630 736 706 Ὠρείθυιαν
762 629 813 706 την
838 631 995 709 Ἐρεχθέος·
1067 673 1069 678 -

195 719 264 776 κατοὶ
283 719 317 792 δή
336 718 369 778 τό
389 719 470 794 κῆδος
486 723 570 778 τοῦτο
587 721 613 776 οἱ
628 716 780 792 Ἀθηναῖοι,
796 717 831 780 ὦς
850 718 933 793 φάτις
947 718 996 796 ὥρ-
1029 742 1032 758 ·

192 829 287 880 μηται,
317 806 556 882 συμβαλλόμενοί
582 812 638 880 σφι
664 806 713 865 τόν
740 809 834 881 Βορῆν
863 808 996 885 γαμβρόν

194 892 271 962 εἶναι,
300 896 499 973 ναυλοχέοντες
524 897 574 968 τῆς
596 891 723 968 Εὐβοίης
750 897 778 950 ἐν
800 894 934 962 Χαλκίδι,
962 894 997 958 οἷς
1016 899 1028 922 '
1079 937 1082 942 -

194 981 298 1056 ἔμαθον
315 981 466 1058 αὐξόμενον
485 981 533 1040 τόν
553 985 684 1059 χειμῶνα,
699 979 729 1059 (ἢ
743 981 788 1038 καὶ
801 980 856 1056 πρό
874 981 996 1062 τούτου)

193 1067 308 1128 ἐθύοντό
325 1096 356 1128 τε
374 1071 419 1127 καὶ
438 1070 622 1128 ἐπεκαλέοντο
643 1067 692 1126 τόν
713 1093 744 1126 τε
763 1073 857 1143 Βορῆν
879 1069 924 1126 καὶ
944 1069 996 1144 τήν

192 1152 357 1232 Ὠρείθυιαν,
371 1158 532 1234 τιμωρῆσαί
546 1163 602 1231 σφι
619 1155 665 1214 καὶ
683 1156 843 1231 διαφθεῖραι
858 1160 912 1214 τῶν
924 1157 995 1233 βαρ-

192 1242 290 1319 βάρων
310 1245 359 1307 τός
379 1246 449 1314 νέας,
471 1245 505 1308 ὥς
526 1246 572 1303 καὶ
592 1243 728 1321 πρότερον
748 1244 811 1320 περὶ
827 1241 930 1302 Ἀθων.
973 1248 996 1303 εἰ

192 1331 244 1406 μέν
271 1357 319 1392 νυν
346 1332 391 1391 διό
411 1338 499 1393 ταῦτα
525 1337 601 1392 τοῖσι
624 1331 803 1409 βαρβάροισι
824 1331 994 1408 ὄρμέουσιὸ

192 1420 284 1496 βορῆς
306 1421 434 1491 ἐπέπεσε,
450 1421 499 1480 οῦκ
521 1423 573 1501 ἐχω
596 1424 691 1480 εἰπεῖν·
713 1423 739 1480 οἱ
758 1418 780 1478 δ’
803 1418 839 1478 ὧν
852 1418 997 1494 Ἀθηναῖοί

192 1513 248 1582 σφι
269 1509 387 1589 λέγουσι
404 1509 592 1586 βοηθήσαντα
609 1509 659 1570 τόν
675 1512 769 1585 Βορῆν
784 1506 927 1584 πρότερον,
949 1507 996 1566 καὶ

191 1594 256 1655 τότε
282 1601 371 1675 ἐκεῖνα
395 1597 634 1680 κατεργάσασθαι·
669 1597 714 1655 καὶ
739 1596 799 1673 ἱρόν
825 1595 995 1659 ἀπελθόντες

127 1677 131 1684 ’
192 1685 287 1761 Βορέω
302 1685 450 1763 ἱδρύσαντο
463 1687 540 1765 παρὰ
553 1684 682 1764 ποταμόν
694 1683 829 1745 Ἰλισσόν.

240 1771 289 1832 Ἐν
302 1774 390 1854 τούτῳ
408 1781 446 1853 τῷ
460 1776 536 1854 τόνῳ
551 1776 615 1838 νέας
635 1774 662 1834 οἳ
682 1774 836 1852 ἐλαχίστας
856 1774 973 1854 λέγουσι
984 1773 1042 1832 190

192 1858 389 1937 διαφθαρῆναι,
400 1864 601 1939 τετρακοσιέων
614 1860 664 1921 οῦκ
679 1862 838 1923 ἐλάσσονας
851 1859 951 1937 ἄνδρας
963 1886 994 1920 τε

192 1945 404 2024 αναριθμήτους,
423 1975 574 2026 χρηματων
588 1976 619 2008 τε
637 1949 748 2022 πλῆθος
765 1946 942 2022 ἄφθονον·
921 1974 994 2007 ωστε

191 2031 418 2109 Ἀμεινοκλέι
380 2062 419 2115 τιρ
437 2037 580 2112 Κρητίνεω
597 2035 676 2111 α’νδρὶ
694 2033 833 2146 Μάγνητι,
847 2036 994 2114 γηοχέοντι

191 2146 256 2232 ηερι
245 2122 412 2198 Σητιαδα,
430 2123 594 2204 μεγάλως
575 2149 594 2199 η
612 2122 729 2231 ναυηγίη
744 2121 852 2202 ἐγένετο
870 2121 992 2234 χρηστή·

191 2207 222 2272 δς
244 2210 341 2270 πολλὰ
363 2213 416 2287 μὲν
436 2210 545 2290 χρύσεα
567 2209 688 2288 ποτήρια
710 2207 817 2288 ῦστέρω
836 2209 927 2288 χρόνῳ
951 2215 993 2268 ἐκ·

189 2297 381 2374 βρασσόμενα
394 2298 528 2369 ἀνείλετο,
538 2297 636 2358 πολλᾶ
649 2297 679 2356 δέ
688 2295 818 2378 α’ργόρεα·
836 2296 994 2374 θησαυρούς

189 2409 221 2444 τε
236 2391 292 2447 τῦν
305 2388 440 2465 Περσέων
460 2385 530 2465 εὗρε,
544 2386 621 2446 ἄλλα
640 2393 672 2446 ’τε
686 2384 799 2466 ’χρύσεα
814 2383 910 2460 όφατα
925 2386 993 2465 χρή-

190 2499 266 2548 ματα
279 2471 494 2552 περιεβάλλετο.
537 2473 615 2555 (ἀλλ’
634 2473 650 2534 ό
668 2476 720 2550 μὲν
736 2473 831 2533 τᾶλλα
849 2471 899 2532 οῦκ
916 2473 991 2534 εὗτυ-

189 2561 269 2638 χέων,
289 2563 428 2640 εὑρήμασι
445 2563 519 2644 μέγα
536 2562 676 2625 πλούσιος
693 2562 811 2642 ἐγένετο·
831 2560 867 2636 ἦν
882 2561 937 2642 γάρ
950 2588 992 2626 τις

84 2625 176 2776 Q
191 2648 237 2705 καὶ
257 2654 357 2710 τοῦτον
378 2651 477 2730 ἄχαρις
494 2650 631 2728 συμφορὴ
651 2652 781 2708 λυπεῦσα
798 2649 991 2731 παιδοφόνος.)

191 2735 358 2817 Σιταγωγῶν
383 2739 413 2797 δέ
439 2739 566 2799 ὁλκάδων
593 2740 639 2796 καὶ
662 2741 717 2797 τιῦν
743 2734 838 2796 ἄλλων
864 2738 1035 2798 πλοίων191

191 2820 425 2900 διαφθειρομένων
444 2824 494 2884 οῦκ
515 2830 585 2902 ἐπῆν
602 2823 729 2903 ἀριθμός·
758 2823 830 2884 ὥστε
851 2823 992 2888 δείσαντες

191 2934 217 2967 οι
230 2911 385 2992 στρατηγοὶ
397 2915 447 2972 τοῦ
460 2918 589 2974 ναυτικοῦ
604 2914 727 2990 στρατοῦ
742 2911 783 2987 μή
802 2917 859 2988 σφι
874 2937 990 2970 κεκακω-

188 2998 301 3072 μένοισι
324 2999 530 3060 ἐπιθέωνται
505 3027 531 3060 οι
551 2998 742 3071 Θεσσαλοὶ,”
729 3023 806 3073 ερκος
825 2997 972 3076 ῦψηλόν’
959 3025 990 3057 εκ

188 3089 244 3146 τῶν
264 3086 401 3192 ναυηγίων
423 3079 636 3164 περιεβάλοντο·
664 3085 769 3162 ημέρας
788 3110 843 3164 γαρ
864 3083 933 3159 δή’
920 3087 989 3164 εχεί-

188 3169 259 3251 μαζε
271 3178 355 3254 τρεῖς
375 3176 457 3239 τέλος
470 3176 537 3248 δέ,”
522 3176 623 3254 εντομό
632 3201 663 3235 τε
673 3175 813 3233 ποιεῦντες
827 3172 873 3230 καὶ
883 3175 990 3233 καταεί·

188 3262 282 3328 δοντες
294 3262 381 3344 γόησι
398 3267 437 3343 τῷ
450 3263 541 3344 ἀνέμῳ
558 3269 585 3323 οἱ
601 3261 707 3342 Μάγοι,
721 3257 791 3334 πρός
808 3283 840 3318 τε
855 3259 989 3330 τούτοισι,
