2294 3430
180 99 228 146 ιιι
487 95 670 150 Ἧιοιουοτ
896 98 975 164 [v11.

178 181 271 246 τοῦτο,
285 176 301 236 ὅ
314 200 342 236 τι
355 175 390 251 δή
404 175 469 236 κοτέ
484 181 546 235 ε’στι
558 175 592 234 τδ
605 174 821 252 ἐπιφαινόμενόν
839 203 885 238 τοι
898 183 927 239 έν
939 185 979 260 τῷ

178 262 263 342 ὕπνῳ,
278 262 351 323 ώστε
368 263 442 332 δόξει
463 265 511 338 ε’μέ
532 262 604 339 ὁρῶν
624 265 660 322 σὲ
681 263 758 331 εἶναι,
771 268 807 341 τῇ
825 269 865 344 σῇ
879 267 979 341 έσθῆτι

178 351 403 427 τεκμαιρόμενον·
425 353 449 409 εῖ
467 351 496 408 δὲ
514 352 563 426 ε’μέ
580 352 632 426 μὲν
652 355 681 410 ἐν
701 349 791 411 οὐδενὶ
807 353 884 433 λόγῳ
899 353 979 430 ποιή-

180 449 269 508 σεται,
288 438 350 498 οὐδὲ
370 437 484 508 ἀξιώσει
505 442 681 514 ε’πιφανῆνοι,
696 437 759 498 οὔτε
779 437 814 515 ἢν
834 441 887 516 τῆν’
908 441 980 518 ε’μήν

182 526 290 602 έσθῆτα
303 526 356 604 ἔχω
371 525 434 585 οὔτε
445 523 481 601 ἢν
494 525 545 601 τήν
558 525 622 600 σήν,
631 527 666 584 σὲ
679 525 709 585 δὲ
723 527 908 603 ἐπιφοιτήσει,
916 533 979 588 τοῦ·

181 639 214 673 το
233 612 288 689 ἤδη
308 613 448 690 μαθητέον
470 613 541 673 ἐστί·
565 617 589 672 εἰ
608 612 664 693 γάρ
682 612 716 688 δι)
733 614 928 690 ε’πιφοιτήσειέ
945 643 980 696 γε

181 701 325 780 συνεχέως,
340 702 428 777 φαίην
447 700 482 761 ἂν
502 701 549 759 καὶ
568 699 650 764 αάτδς
664 701 739 760 θεῖον
756 701 834 760 εῖναι·
856 707 880 762 εἰ
893 703 924 762 δέ
935 729 980 763 τοι

181 787 251 848 οὕτω
271 787 422 864 δεδόκηται·
430 789 568 870 γίνεσθαι,
583 788 629 847 καὶ
642 786 693 848 οάκ
707 787 753 848 οῖά
764 815 795 848 τε
808 787 875 849 αὐτό
891 815 980 868 παρα-

181 876 288 954 τρέψαι,
302 875 367 936 ἀλλ’
380 874 434 951 ἤδη
452 876 495 935 δεῖ
514 878 563 953 ε’μὲ
584 879 613 935 ἐν
633 877 711 953 κοίτῃ
731 879 823 954 τῇσῇ
840 882 987 956 κατυπνῶ-Ι

181 989 239 1034 σαι,
262 964 339 1041 φέρε,
360 962 465 1032 τούτων
483 964 515 1033 ἐξ
535 967 600 1040 ε’μεΰ
623 963 846 1040 ἐπιτελευμένων,
865 964 980 1041 φανήτω

182 1053 227 1111 καὶ
241 1053 311 1130 ε’μοί·
332 1052 415 1130 μέχρι
431 1051 461 1110 δὲ
473 1050 581 1120 τούτου,
595 1055 631 1129 τῇ
644 1050 788 1130 παρεούσῃ
801 1050 898 1132 γνώμῃ
911 1051 980 1131 χρή-

134 1141 170 1201 ,17
183 1139 297 1217 σομαι.”
338 1143 470 1198 Τοσαῦτα
491 1139 570 1202 εἴπας
585 1137 760 1216 Ἀρτάβανος
781 1140 899 1210 ἐλπίζων
912 1140 980 1216 Ξέρ-

181 1228 230 1297 ξεα
243 1227 387 1296 ἀποδέξειν
400 1227 522 1306 λέγοντα
535 1225 622 1295 οὐδὲν,
637 1225 727 1284 ε’ποίεε
742 1225 775 1285 τό
789 1225 980 1304 κελευόμενον·

182 1315 258 1377 εὐδῦς
278 1316 308 1374 δὲ
328 1314 380 1390 τὴν
401 1313 509 1390 Ξέρξεω
531 1315 639 1389 ε’σθῆτα
663 1314 710 1371 καὶ
734 1313 858 1389 ἱζόμενος
881 1319 908 1377 ἐς
930 1313 981 1375 τάν

182 1402 338 1478 βασιλήϊον
356 1401 464 1478 θρόνον,
483 1401 519 1464 ώς
536 1400 607 1478 μετά
627 1405 715 1461 ταῦτα
736 1404 829 1461 κοῖτον
849 1403 980 1472 ε’ποιέετο,

181 1489 254 1565 ἦλθέ
275 1492 301 1548 οῖ
324 1489 523 1567 κατυπνωμένῳ
545 1488 633 1548 τώυτὸ
657 1487 763 1565 ὄνειρον
783 1487 816 1548 τό
838 1489 884 1547 καὶ
904 1490 980 1567 παρὰ

182 1577 288 1653 Ξέρξεα
309 1577 418 1652 ἐφοίτα·
438 1575 581 1652 ὖπερστάν
602 1576 632 1634 δὲ
653 1580 703 1635 τοῦ
720 1575 906 1652 Ἀρταβάνου,
921 1577 981 1636 εἴτε

183 1663 257 1724 τόδε·
278 1662 359 1740 αυἰρα
379 1663 416 1722 σι)
437 1661 470 1738 δὴ
492 1666 579 1726 κεῖνος
598 1663 637 1726 εἴς
650 1661 666 1722 ό
680 1661 863 1722 ἀποσπεύδων
876 1664 981 1740 Ξέρξεα

183 1750 386 1829 στρατεύεσθαι
413 1752 458 1810 ε’πὶ
481 1750 533 1827 τὴν
556 1750 691 1822 Ἑλλάδα,
716 1750 752 1813 ώς
775 1750 809 1826 δὴ
833 1751 981 1828 κηδόμενος

183 1838 285 1908 αότοΰ;
307 1837 372 1898 ἀλλ’
384 1837 446 1898 οὔτε
461 1843 488 1902 ἐς
500 1837 534 1898 τό
547 1838 703 1914 μετέπειτα,
713 1837 777 1898 οὔτε
790 1842 817 1901 ε’ς
830 1837 863 1898 τό
877 1864 981 1915 παραυ-

182 1929 246 1988 τίκα
259 1932 307 1988 νΰν
321 1926 518 2004 καταπροΐξεαι
528 1925 691 2003 ἀποτρέπων
700 1925 733 1985 τδ
745 1926 830 2005 χρεόν
840 1926 980 2006 γενέσθαι·

182 2016 288 2093 Ξέρξεα
301 2016 330 2075 δὲ
342 2016 379 2075 τὰ
392 2015 434 2075 δεῖ
445 2013 667 2090 ἀνηκουστέοντα
676 2014 798 2083 παθέειν,
808 2011 880 2092 αὐτῷ
890 2013 981 2091 ἐκείνῳ

137 2102 364 2180 18δεδήλωται.”
404 2102 498 2176 Ταῦτά
520 2127 550 2160 τε
575 2100 609 2177 δὴ
634 2101 724 2160 ε’δόκεε
747 2099 923 2177 Ἀρτάβανος
947 2101 981 2164 vd

183 2191 289 2267 ὄνειρον
310 2189 458 2259 ἀπειλέειν,
477 2190 522 2247 καὶ
541 2189 670 2266 θερμοῖσι
692 2187 845 2265 σῖδηρίοισι
866 2189 982 2249 ε’κκαίειν

184 2276 269 2336 αὐτοῦ
289 2278 406 2353 μέλλειν
426 2275 490 2338 τοῖς
511 2274 688 2352 ὀφθαλμούς·
716 2277 763 2334 καὶ
784 2274 822 2344 ὃς,
842 2275 983 2353 ἀμβώσας

183 2364 265 2444 μέγα,
286 2362 468 2440 ἀναθρώσκει,
491 2363 537 2421 καὶ
557 2362 741 2440 παριζόμενος
756 2363 856 2442 Ξέρξῃ,
877 2363 912 2427 οῖς
931 2362 983 2439 τὴν

183 2450 249 2526 όψιν
263 2453 290 2508 οῖ
301 2453 352 2509 τοῦ
366 2451 493 2510 ε’νυπνίου
509 2450 637 2526 διεξῆλθε
658 2449 856 2531 ἀπηγεόμενος,
871 2449 984 2531 δεότερά

184 2540 210 2596 οἱ
230 2538 308 2618 λέγει
325 2535 401 2596 τάδε·
422 2548 440 2573 “
450 2536 503 2619 ἐγώ
516 2539 577 2614 μέν,
592 2537 613 2596 ὦ
626 2539 760 2614 βασιλεῦ,
774 2539 820 2598 οἶα
841 2537 984 2615 ἅνθρωπος

184 2623 247 2684 ἰδών
264 2623 318 2702 ἤδη
338 2623 436 2684 πολλά
453 2650 484 2685 τε
502 2625 548 2684 καὶ
567 2624 679 2706 μεγάλα
694 2624 819 2687 πεσόντα
831 2625 984 2706 πρήγματα

182 2710 238 2771 ὖπδ
253 2710 394 2787 ἡσσόνων,
409 2711 458 2772 οὐκ
472 2713 522 2773 ἔων
534 2739 570 2773 σε
582 2712 619 2772 τά
631 2712 723 2772 πάντα
735 2717 771 2792 τῇ
784 2712 880 2792 ἡλικίη
895 2713 983 2783 ε’ίκειυ,

185 2799 368 2876 ε’πιστόμενος
391 2799 426 2864 ώς
447 2799 533 2861 κακόν
557 2800 599 2876 εἴη
622 2800 656 2861 τδ
678 2805 796 2860 πολλῶν
819 2801 983 2877 ε’πιθυμέειν,

183 2888 357 2966 μεμνημένος
368 2890 421 2965 μὲν
433 2887 484 2948 τόν
499 2887 545 2947 ε’πὶ
558 2888 754 2969 Μασσαγέτας
767 2887 864 2965 Κόρου
879 2886 985 2947 στόλον

185 2975 221 3040 ώς
239 2975 346 3052 ἔπρηξε,
361 2975 535 3053 μεμνημένος
552 2974 582 3034 δὲ
603 2975 648 3035 καὶ
669 2975 719 3036 τόν
732 2975 774 3035 ἐπ’
787 2975 924 3037 Αἰθίοπας
935 2972 985 3034 τόν

185 3063 359 3141 Καμβύσεω,
384 3061 641 3140 συστρατευόμενος
668 3062 698 3122 δὲ
728 3062 773 3122 καὶ
802 3061 909 3138 Δαρείῳ
939 3061 985 3118 ε’πὶ

186 3152 303 3217 Σκύθας·
325 3151 509 3230 ε’πιστάμενος
527 3154 623 3222 ταῦτα,
640 3150 753 3233 γνώμην
774 3149 858 3230 εῖχον,
874 3146 984 3223 ἀτρεμί-

185 3239 267 3309 ζοντά
280 3267 316 3302 σε
327 3239 503 3320 μακαριστόν
516 3239 585 3300 εἶναι
605 3236 675 3316 πρός
695 3235 804 3296 πόντων
823 3230 985 3310 ἀνθρώπων.
