2294 3430
164 123 214 170 ιω
480 117 665 170 τΗΡοΔουοτ
884 116 962 181 [vn.

165 196 287 274 ρωτέρην
302 222 341 271 τε,
355 195 415 274 ἅμα
428 195 457 256 δέ
469 196 603 273 τιμωρίην
615 221 646 255 τε
661 195 707 254 καὶ
719 195 794 255 τίσιν
806 197 964 276 γινομένην·

164 285 207 345 διό
227 285 313 362 ὑμέας
333 288 381 344 νῦν
402 283 456 366 ἐγώ
476 284 622 354 συνέλεξα,
637 284 681 344 ἵνα
693 283 728 343 τό
741 284 808 342 νοέω
823 283 965 359 πρήσσειν

122 386 143 457 ᾖ
163 372 337 450 ὑπερθέωμαι
357 372 432 449 ὑμῖν.
473 373 579 449 μέλλω,
601 371 696 442 ζεύξας
714 370 765 430 τόν
784 369 964 446 Ἑλλήσπον-

163 485 220 530 τον,
240 463 307 520 ἐλᾶν
329 460 452 537 στρατόν
473 459 519 518 διοῖ
540 463 590 534 τῆς
605 457 742 535 Εὐρώπης
763 458 808 516 ἐπὶ
828 457 880 533 τήν
899 459 963 518 Ἑλ-

164 547 246 619 λοίδα,
262 548 306 608 ἵνα
319 547 481 624 Ἀθηναίους
500 545 696 624 τιμωρήσομαι
717 545 773 606 ὅσα
794 545 828 620 δή
849 547 963 623 πεποιή-

165 661 233 695 κασι
251 637 367 712 Πέρσας
383 661 415 696 τε
431 635 477 694 καὶ
495 635 602 712 πατέρα
622 633 671 694 τόν
692 633 767 711 ἐμόν.
809 633 897 710 ώρᾶτε
912 637 965 712 μέν

164 749 212 784 νυν
228 723 275 782 καὶ
288 727 407 800 Δαρεῖον
425 721 536 784 ἰθύοντα
557 721 759 799 στρατεύεσθαι
776 721 821 780 ἐπὶ
833 721 898 785 τοὺς
918 721 963 782 ἅν-

166 811 232 888 δρας
249 810 375 875 τούτους·
397 809 463 870 ἀλλ’
479 809 495 870 ὁ
512 813 564 888 μὲν
582 809 769 885 τετελεύτηκε,
788 810 834 868 καὶ
853 809 902 868 οὑκ
923 811 962 879 ἐξ·

164 898 272 979 εγένετό
293 902 320 958 οῖ
339 897 563 976 τιμωρήσασθαι·
591 898 645 978 ἐγώ
666 897 696 956 δὲ
716 896 786 974 ὑπέρ
807 923 838 956 τε
860 898 964 958 ἐκείνου

163 987 209 1046 καὶ
221 991 276 1047 τῶν
290 986 384 1047 ἄλλων
397 987 531 1064 Περσέων
544 984 576 1046 οὑ
589 983 725 1063 πρότερον
738 983 885 1062 παύσομαι
898 985 964 1062 πρὶν

162 1072 181 1150 ἢ
201 1075 255 1133 ἕλω
274 1101 305 1135 τε
326 1075 371 1133 καὶ
391 1073 511 1152 πυρώσω
531 1073 580 1136 ταὶς
596 1071 726 1148 Ἀθήνας·
748 1073 778 1132 οἶ
794 1099 828 1153 γε
848 1075 897 1150 ἐμέ
918 1074 963 1132 καὶ

162 1163 269 1241 πατέρα
289 1163 338 1224 τόν
352 1157 426 1240 ἐμόν
438 1161 564 1240 ὑπῆρξαν
578 1160 660 1220 ἄδικα
675 1165 825 1225 ποιεῦντες.
867 1167 963 1239 πρώτα

163 1253 215 1328 μὲν
229 1255 256 1314 ἔς
270 1251 371 1329 Σάρδις
384 1250 511 1314 ἐλθόντες
524 1247 583 1325 ἅμα
595 1247 793 1330 Ἀρισταγόρῃ,
809 1251 859 1330 (τῷ
870 1254 962 1326 Μιλη·

162 1339 224 1418 σίῳ,
240 1338 330 1418 δούλῳ
351 1338 380 1396 δέ
401 1337 546 1418 ἦμετέριρ,)
568 1335 732 1414 ἀπικόμενοι
754 1337 910 1414 ἐνέπρησαν
927 1339 963 1398 τό

161 1450 193 1485 τε
210 1424 303 1484 όλσεα
324 1425 370 1484 καὶ
390 1423 426 1484 τοῖ
445 1424 500 1502 ἶρό·
522 1423 634 1501 δεὺτερα
656 1425 685 1484 δὲ
709 1423 796 1501 η’μέας
817 1426 862 1485 οἶα
883 1427 963 1503 ἔρξαν

143 1563 145 1570 ,
164 1517 191 1579 ἐς
203 1512 255 1588 την
274 1512 416 1590 σφετέρην
435 1511 607 1589 ἀποβάντας,
622 1511 669 1571 ὅτε
683 1513 770 1576 Δᾶτίς
790 1539 822 1572 τε
842 1514 888 1572 καὶ
900 1513 963 1591 Ἀρ-

161 1601 301 1678 ταφέρνης
325 1599 519 1681 ἐστρατήγεον,
544 1599 580 1660 ταὶ
601 1600 759 1660 ἐπίστασθέ
781 1627 830 1660 κου
853 1601 962 1666 πιίντες·

161 1687 266 1748 τούτων
287 1688 383 1765 μέντοι
397 1688 494 1748 εἵνεκα
516 1686 672 1764 ἀνάρτημαι
694 1686 735 1748 ἐπ’
758 1688 857 1752 αὑτοὺς
879 1716 963 1766 στρα·

162 1775 302 1837 τεὺεσθαι·
327 1774 421 1857 ἀγαθοὶ
444 1775 473 1834 δέ
497 1780 526 1836 ἐν
550 1774 661 1836 αὑτοῖσι
684 1775 788 1836 τοσάδε
811 1776 963 1855 α’νευρίσκω

162 1863 350 1944 λογιζόμενος,
362 1867 386 1924 εἰ
398 1863 511 1926 τούτους
524 1889 554 1923 τε
569 1863 615 1922 καὶ
628 1863 692 1927 τοὺς
704 1863 831 1924 τούτοισι
843 1869 962 1941 πλησιο-

162 1951 268 2032 χώρους
290 1951 548 2030 καταστρεψόμεθα,
573 1951 599 2010 οἳ
624 1952 757 2014 Πέλοπος
780 1957 830 2011 τοῦ
854 1951 963 2033 Φρυγός

163 2041 291 2118 νέμονται
311 2040 414 2121 χώρην·
434 2044 488 2120 γῆν
508 2039 559 2116 την
581 2039 709 2116 Περσίδα
732 2039 903 2116 ἀποδέξομεν
925 2045 964 2119 τῷ

163 2127 232 2193 Διός
245 2129 333 2205 αἰθέρι
350 2127 550 2205 ὁμουρέουσαν·
573 2126 605 2186 οὑ
618 2126 673 2207 γοῖρ
688 2127 722 2201 δὴ
735 2126 828 2204 χώρην
841 2153 875 2208 γε
888 2127 963 2186 οὑδε-

162 2215 393 2293 μίαν·κατόψεται
407 2213 423 2274 ό
437 2213 518 2290 ἥλιος
531 2212 651 2290 ὅμουρον
669 2217 770 2272 ἐοῦσαν
783 2217 819 2291 τῇ
832 2213 961 2292 ἡμετέρῃ,

162 2301 239 2362 ἄλλό
252 2309 344 2378 σφεας
356 2300 450 2362 πόσας
464 2301 518 2380 ἐγώ
532 2298 591 2376 ἅμα
604 2299 669 2375 ὑμῖν
685 2300 753 2376 μίαν
768 2298 862 2377 χώρην
875 2299 962 2375 θήσω,

162 2389 209 2449 διαὶ
221 2389 315 2465 πόσης
328 2387 474 2458 διεξελθών
487 2391 537 2461 τῆς
549 2385 694 2462 Εὐρώπης·
716 2385 892 2462 πυνθάνομαι
906 2385 963 2467 γδρ

164 2474 215 2535 ὧδε
237 2477 319 2555 ἔχειν·
340 2473 403 2534 οὔτε
423 2472 485 2534 τινὰ
506 2473 590 2532 πόλιν
613 2472 718 2548 ἀνδρῶν
741 2471 878 2549 οὐδεμίαν,
901 2473 963 2534 οὑτε

163 2564 240 2628 ἔθνος
263 2562 341 2623 οὑδέν
365 2561 515 2638 ἀνθρώπων
535 2559 740 2620 ὑπολείπεσθαι
760 2560 793 2619 τό
814 2558 882 2636 ἡμῖν
904 2561 964 2622 οἶόν

162 2677 194 2712 τε
219 2653 298 2712 ἐσται
325 2651 417 2711 ἐλθεῖν
440 2653 466 2712 ἐς
492 2647 595 2726 μάχην,
619 2647 723 2708 τούτων
750 2652 805 2708 τῶν
829 2649 963 2719 κατέλεξα

162 2739 432 2818 ὑπεξαραιρημένων·
460 2735 531 2796 οὕτω
556 2736 586 2796 οἵ
608 2761 639 2796 τε
666 2735 733 2812 ἡμῖν
757 2736 841 2798 αἴτιοι
868 2737 964 2808 ἕξουσι

163 2827 275 2889 δούλιον
288 2827 378 2909 ζυγόν,
393 2827 423 2886 οἴ
439 2851 470 2887 τε
491 2823 617 2886 ἀναίτιοι
660 2824 738 2902 ὑμεῖς
752 2824 775 2884 δ’
789 2823 822 2885 ἄν
835 2852 884 2903 μοι
897 2825 963 2886 τόδε

163 2916 301 2980 ποιέοντες
321 2915 494 2996 χαρίζοισθε·
516 2914 599 2974 ἐπεὰν
612 2912 678 2991 ὑμῖν
695 2911 811 2992 σημῄνω
828 2914 878 2974 τδν
897 2913 962 2992 χρό-

162 3032 210 3066 νον
233 3010 259 3069 ἐς
279 3004 328 3066 τόν
350 3004 426 3080 ἥκειν
447 3003 496 3072 δεῖ,
513 3003 661 3080 προθύμως
681 3002 774 3062 πάντα
791 3002 853 3062 τινοὶ
873 3001 963 3078 ὑμέων

160 3093 263 3172 χρήσει
275 3096 411 3171 παρεῖναι·
433 3090 463 3154 ὃς
484 3089 517 3151 ἂν
538 3091 567 3150 δὲ
586 3093 656 3170 ἔχων
669 3090 723 3170 ἥκη
736 3089 962 3168 παρεσκευασμέ-

163 3207 211 3242 νον
231 3181 353 3260 στρατδν
372 3180 522 3249 κάλλιστα,
537 3179 618 3240 δώσω
632 3183 659 3240 οἱ
672 3180 746 3257 δῶρα
761 3177 798 3239 τοὶ
810 3175 962 3254 τιμιώτατα

162 3271 302 3344 νομίζεται
315 3271 385 3332 εἶναι
399 3275 427 3330 ἐν
440 3269 585 3346 ἡμετέρου.
618 3270 737 3345 ποιητέα
749 3268 801 3342 μέν
814 3289 862 3327 νυν
874 3262 963 3324 ταῦτά
