2280 3432
161 99 253 166 8-11]
463 99 651 150 κικιιοιιιι.
912 103 960 150 285

159 183 236 242 τοῖσι
255 178 436 261 ἀπιγμένοισι
456 179 513 240 ἅπδ
530 182 586 240 τιῦν
605 181 721 250 πολίων,
741 179 845 244 νυκτός·
858 181 898 242 ἔτι
918 187 960 243 ἐκ·

159 269 305 344 πέμπουσι
324 269 568 348 πεντακισχιλίους
589 269 791 346 Σπαρτιητέων,
812 267 870 351 [καὶ
891 269 961 328 ἐπτοὶ

160 355 224 432 περὶ
243 356 361 416 ἕκαστον
376 354 507 426 τάξαντες
521 361 577 416 τῶν
595 356 734 439 εἱλώτων,]
757 358 907 436 Παυσανίῃ
922 363 961 438 τῷ

160 443 367 521 Κλεομβρότου
394 445 590 523 ἐπιτρέψαντες
617 445 733 526 ἐξάγειν.
775 446 883 528 ἐγένετο
909 446 961 523 μέν

159 529 240 607 νυνή
258 529 393 612 ἡγεμονίη
407 530 609 611 Πλειστάρχου
629 537 679 592 τοῦ
692 533 841 594 Λεωνίδεω·
862 533 959 594 M&

159 618 210 694 μὲν
236 617 271 694 ἦν
297 620 338 678 ἐτι
363 623 437 688 παῖς,
464 618 480 678 ὁ
504 618 534 676 δέ
559 619 659 679 τούτου
683 621 833 698 ἐπίτροπός
858 647 889 682 τε
913 622 960 681 καὶ

159 703 281 783 ἀνεψιός·
302 705 507 782 Κλεόμβροτος
519 705 583 786 γάρ,
594 705 610 765 ὁ
622 709 789 767 Παυσανίεω
801 711 853 786 μὲν
866 710 959 788 πατὴρ

158 789 374 870 Ἀναξανδρίδεω
387 793 416 851 δέ
433 796 506 863 παῖς,
521 792 613 853 ούκέτι
627 799 735 871 περιῆν·
756 795 833 855 ἀλλὰ
852 795 960 879 α’παγα-

158 879 215 959 γοῦν
242 885 272 940 ἐκ
298 883 349 940 τοῦ
368 879 486 958 Ἰσθμοῦ
506 880 558 956 την
578 880 713 957 στρατιήν
732 881 785 958 τόν
810 883 843 942 τό
866 887 960 963 τεῖχος

159 967 302 1044 δείμασαν,
316 967 388 1046 μετά
401 971 489 1027 ταῦτα
505 966 538 1026 ού
553 968 664 1028 πολλόν
683 969 786 1046 χρόνον
802 969 864 1030 τινά
877 971 960 1045 βιούς

158 1053 288 1116 ἀπέθανε.
330 1055 435 1137 (ἀπῆγε
448 1055 478 1114 δὲ
493 1053 545 1131 τὴν
561 1054 696 1133 στρατιήν
716 1055 732 1116 ὁ
753 1056 959 1134 Κλεόμβροτος

158 1146 189 1200 ἐκ
201 1146 252 1202 τοῦ
264 1142 383 1220 Ἰσθμοῦ
397 1143 442 1202 διαὶ
454 1142 527 1204 τόδε·
549 1143 673 1222 θυομένῳ
686 1147 713 1204 οἱ
734 1145 781 1204 ἐπὶ
795 1149 834 1225 τῷ
849 1146 958 1225 Πέρση,

158 1229 267 1306 όῆλιος
285 1230 435 1308 ἀμαυρώθη
451 1233 531 1310 ἐντῷ
549 1229 674 1312 ούρανοῦ.)
715 1233 914 1309 προσαιρέεται
930 1234 959 1292 δέ

158 1320 247 1397 ἑωυτῷ
268 1320 432 1394 Παυσανίης
451 1317 633 1396 Εὐρυάνακτα
654 1318 704 1380 τόν
725 1321 854 1397 Δωριέος,
874 1318 960 1398 ἄνδρα

158 1406 244 1482 οἰκίης
260 1405 341 1467 ἐόντα
355 1409 406 1483 τῆς
426 1405 520 1483 αὐτῆς.
563 1409 599 1465 Οἱ
618 1408 671 1483 μὲν
686 1405 720 1484 δὴ
739 1407 795 1488 σῦν
811 1409 962 1493 Παυσανίη
970 1410 1004 1468 11

158 1493 365 1571 ἐξεληλύθεσαν
395 1493 446 1564 ἔξω
476 1492 616 1571 Σπάρτης·
658 1498 685 1556 οἱ
711 1495 741 1554 δὲ
768 1493 893 1576 ἄγγελοι,
926 1495 961 1560 ὥς

157 1581 247 1660 ἡμέρη
261 1581 394 1665 ἐγεγόνεε,
409 1583 488 1643 οῦδὲν
501 1581 602 1646 εἰδότες
615 1583 679 1660 περὶ
694 1587 744 1660 τῆς
763 1583 859 1653 ἐξόδου
873 1587 960 1660 ἐπῆλ-

158 1670 208 1731 θον
222 1671 267 1730 ἐπὶ
280 1671 345 1734 τοῦς
359 1670 485 1748 ἐφόρους,
497 1676 526 1731 ἐν
535 1671 589 1751 νόῳ
602 1669 636 1747 δὴ
651 1673 761 1752 ἔχοντες
773 1669 960 1732 άπαλλάσσε-

158 1761 226 1818 σθαι
239 1761 285 1819 καὶ
301 1758 381 1819 αύτοὶ
397 1760 443 1818 ἐπὶ
460 1759 513 1836 την
531 1763 631 1820 ἑωυτοῦ
648 1761 775 1824 ἕκαστος·
797 1759 961 1824 ἐπελθόντες

175 1847 188 1904 ἐ
206 1848 302 1928 ἔλεγον
319 1846 395 1908 τάδε·
418 1845 497 1924 ῦμεῖς
513 1846 614 1922 μὲν,“ὦ
630 1848 853 1924 Λακεδαιμόνιοι,
875 1847 960 1908 αύτοῦ

157 1935 223 2013 τῇδε
236 1938 365 2013 μένοντες
378 1933 521 1995 Ὑακίνθιά
534 1959 565 1994 τε
581 1933 663 2015 άγετε
679 1936 725 1993 καὶ
745 1936 857 2005 παίζετε
878 1961 960 1995 κατα·

157 2023 306 2100 προδόντες
318 2026 383 2088 τοῦς
396 2021 572 2102 συμμάχους·
588 2020 735 2097 ΛἈθηναῖοι
752 2021 789 2091 δέ,
804 2021 839 2084 ιύς
855 2021 959 2082 ἀδικεό-

158 2137 236 2188 μενοι
253 2111 307 2172 ῦπῦ
322 2113 420 2190 ῦμέων,
435 2110 506 2196 χότι
524 2108 681 2190 συμμάχων
696 2108 903 2170 καταλύσονται
922 2113 961 2190 τῷ

158 2201 259 2279 Πέρση
280 2200 352 2262 οὕτω
372 2202 440 2266 ὅκως
460 2197 494 2260 ἂν
514 2199 654 2260 δύνωνται·
675 2197 901 2276 καταλυσάμενοι
921 2198 958 2270 δέ,

159 2287 232 2364 δῆλα
244 2289 301 2371 γάρ
319 2290 353 2366 δὴ
373 2289 416 2350 ὅτι
432 2290 580 2368 σύμμαχοι
595 2287 735 2364 βασιλέος
752 2286 895 2369 γινόμεθα,
910 2313 958 2346 συ-

159 2377 390 2455 στρατευσόμεθα
404 2379 450 2437 ἐπὶ
462 2377 515 2453 την
528 2375 562 2436 ἂν
576 2379 673 2436 ἐκεῖνοι
688 2376 861 2458 ἐξηγέωνται·
882 2374 960 2454 ύμεῖς

159 2463 188 2522 δὲ
200 2465 234 2524 τὸ
247 2467 372 2526 ἐνθεῦτεν
381 2465 549 2544 μαθήσεσθε
563 2464 655 2524 ὁκοῖον
666 2462 700 2524 ἄν
711 2490 740 2524 τι
752 2463 818 2540 ύμῖν
832 2463 863 2532 ἐξ
875 2463 961 2523 αύτοῦ

160 2551 302 2630 ἐκβαίνῃ.”
342 2557 430 2614 ταῦτα
445 2553 584 2638 λεγόντων
600 2555 656 2612 τῶν
671 2551 807 2632 ἀγγέλων,
822 2554 848 2610 οἶ
863 2552 961 2628 ἔφοροι

160 2638 240 2698 εἶπαν
260 2638 302 2698 ἐπ’
322 2639 414 2718 ὅρκου,
431 2643 478 2702 καὶ
498 2640 532 2718 δὴ
553 2641 656 2700 δοκέειν
677 2641 746 2700 εἶναι
766 2645 795 2700 ἐν
810 2639 961 2718 Ὀρεστείῳ

162 2725 323 2808 στείχοντας
344 2729 389 2788 ἐπὶ
408 2720 473 2793 τοῦς
493 2730 605 2798 ξείνους·
632 2727 750 2808 (ξείνους
768 2727 824 2808 γὰρ
845 2725 961 2786 ἐκάλεον

162 2815 223 2880 τοῦς
235 2815 424 2896 βαρβάρους)
446 2821 472 2876 οἱ
486 2817 515 2876 δέ
529 2817 564 2880 ὦς
578 2816 628 2876 οῦκ
642 2815 743 2878 εἰδότες
756 2814 918 2891 ἐπειριύτεον
928 2813 961 2873 τό

162 2903 322 2984 λεγόμενον,
349 2902 521 2982 ἐπειρόμενοι
548 2904 577 2963 δὲ
605 2904 739 2979 ἐξέμαθον
764 2905 821 2962 πᾶν
845 2900 878 2960 τό
906 2900 961 2961 ἐόν·

98 3001 102 3004 ’
162 2990 234 3054 ὥστε
248 2998 276 3052 ἐν
290 2993 397 3072 θαύματι
410 2991 561 3074 γενόμενοι,
576 2989 738 3069 ἐπορεύοντο
756 2988 809 3064 τήν
824 2989 962 3066 ταχίστην

162 3079 313 3146 διώκοντες·
354 3080 408 3142 σῦν
435 3080 466 3140 δέ
491 3085 555 3155 σφι,
581 3083 637 3139 τῶν
663 3078 807 3156 περιοίκων
830 3075 963 3134 Λακεδαι-

161 3171 262 3247 μονίων
280 3170 399 3255 λογάδες
415 3166 640 3244 πεντακισχίλιοι
654 3164 768 3226 ὁπλῖται
777 3161 866 3224 τεύυτὸ
879 3165 963 3222 τοῦτο

163 3259 279 3320 ἐποίεον.
