2240 3424
160 73 317 157 109-1111'
342 104 345 109 ·
465 93 651 163 κεκαιοαα.
909 81 956 143 ’.ιιι

159 173 189 233 δὲ
214 173 266 249 τήν
291 173 437 249 Ἑλλήνων
455 177 803 255 γλῶσσαν,ιΤΕΛΕΙΟΝ·
829 170 893 232 τότε
913 172 960 231 καὶ

76 287 77 290 ’
158 259 211 336 τήν
224 260 352 336 κεφαλήν
369 264 477 338 σμῦται
492 263 596 338 μοῦνον
614 260 762 338 βασιλεῦς,
780 259 827 318 καὶ
844 260 960 337 Πέρσας

159 346 297 424 δωρέεται·
317 347 420 424 ταύτην
433 347 467 424 δή
480 349 532 426 τήν
549 349 655 427 ἡμέρην
669 347 824 425 φυλάξασα
836 347 856 422 ή
869 346 959 425 Ἀμη-

159 459 247 512 στρις,
260 432 358 514 χρήζει
370 440 420 496 τοῦ
436 437 544 514 Ξέρξεω
562 437 680 512 δοθῆναί
696 439 723 506 οἱ
738 434 791 512 τήν
804 437 960 496 Μασίστεω

159 526 285 603 γυναῖκα·
306 521 322 582 ὁ
336 523 366 582 δὲ
379 522 468 584 δεινόν
479 549 511 583 τε
525 524 571 583 καὶ
584 523 719 602 α’νάρσιον
729 523 864 597 ἐποιέετο,
875 527 960 584 τοῦτο

158 611 211 686 μὲν
234 609 375 684 ἀδελφεοῦ
395 613 512 691 γυναῖκα
529 611 708 688 παραδοῦναι,
729 614 814 671 τοῦτο
836 611 866 670 δὲ
885 609 959 671 α’ναι-

159 697 222 772 τίην
246 700 348 756 έοῦσαν
373 701 423 756 τοῦ
450 697 614 778 πρήγματος
634 697 745 758 τούτου·
779 701 882 774 συνῆκε
905 697 960 779 γάρ

160 788 210 844 τῦῦ
224 784 324 844 εἵνεκεν
342 783 441 847 ἐδέετο.
481 785 570 848 Τέλος
586 786 690 862 μέντοι,
704 785 794 860 κείνης
809 811 841 844 τε
858 789 940 844 λιπα-
951 787 1006 848 lll

160 871 279 950 ρεούσης
293 871 338 930 καὶ
351 870 406 932 ῦπὸ
419 873 470 930 τοῦ
486 871 573 947 νόμου
594 871 781 952 ἐξεργόμενος·
802 870 846 930 ὅτι
859 871 961 950 α’τυχῆ-

161 985 217 1040 σαι
229 959 279 1020 τῦν
298 957 438 1038 χρῄζοντα
458 957 491 1018 οὗ
511 957 704 1034 σφιδυνατάν
723 962 785 1017 ε’στι
805 959 962 1034 βασιληίου

162 1047 273 1108 δείπνου
285 1047 476 1124 προκειμένου·
495 1045 583 1124 κάρτα
597 1045 630 1122 δή
645 1045 732 1106 αἶέκων
745 1044 894 1106 κατανεύει·
916 1045 962 1105 καὶ

162 1133 302 1210 παραδούς
324 1135 413 1194 ποιέει
434 1131 495 1194 ὦδε·
528 1132 581 1210 τήν
601 1135 652 1210 μὲν
676 1131 782 1192 κελεύει
803 1133 907 1194 ποιέειν
926 1133 962 1193 τά

161 1219 307 1296 βούλεται,
321 1221 337 1282 ὁ
350 1221 380 1281 δὲ
397 1218 649 1300 μεταπεμψάμενος
666 1220 715 1281 τάν
733 1219 873 1296 άδελφεδν
885 1221 963 1302 λέγει
1020 1281 1025 1296 ,

161 1307 237 1368 τάδε·
258 1318 276 1345 “
284 1309 432 1381 Μασίστα,
444 1307 483 1370 σῦ
504 1307 543 1372 εἴς
558 1308 679 1386 Δαρείου
693 1333 725 1368 τε
742 1311 816 1377 παῖς,
834 1307 880 1366 καὶ
897 1307 963 1384 ἔμὸς

113 1469 114 1472 ¹
162 1393 311 1473 ἀδελφεός·
331 1395 401 1473 πρδς
414 1396 437 1456 δ’
452 1398 492 1456 έτι
504 1395 638 1466 τούτοισι,
653 1394 699 1454 καὶ
712 1393 750 1458 είς
763 1393 833 1472 άνήρ
846 1393 961 1476 ἀγαθός·

161 1483 271 1564 γυναικὶ
294 1483 329 1560 δή
349 1483 436 1563 ταύτῃ
459 1487 495 1562 τῇ
515 1487 564 1544 νῦν
584 1483 743 1552 συνοικέεις,
766 1482 806 1560 μή
828 1482 962 1543 συνοίκεε·

142 1599 143 1602 ’
163 1569 241 1631 άλλεί
253 1597 298 1631 τοι
311 1570 368 1632 ἄντ’
381 1570 466 1648 αῦτῆς
480 1569 534 1652 έγεῦ
552 1571 648 1650 δίδωμι
662 1571 801 1652 θυγατέρα
818 1568 870 1648 τήν
884 1569 963 1648 ε’μήν·

10 1731 12 1746 γ
162 1658 249 1738 ταύτῃ
263 1659 396 1732 συνοίκεε,
410 1658 463 1735 τήν
476 1658 506 1718 δὲ
518 1661 568 1719 νῦν
581 1660 659 1738 ἔχεις,
673 1657 706 1718 ού
721 1659 776 1739 γάρ
790 1659 878 1718 δοκέει
892 1658 963 1736 ἐμοὶ,

10 1763 12 1780 “
85 1801 87 1805 .
163 1746 203 1824 μή
226 1749 272 1827 ἔχε
292 1745 434 1828 γυναῖκα·”
454 1745 471 1806 ὁ
492 1746 522 1806 δὲ
544 1748 697 1822 Μασίστης
718 1745 909 1824 ἀποθωμάσας
928 1745 965 1807 ταὶ

164 1833 310 1915 λεγόμενα,
325 1835 403 1914 λέγει
415 1833 490 1905 τάδε·
512 1831 560 1892 “ιῦ
579 1834 712 1903 δέσποτα,
721 1830 788 1894 ’τίνα
807 1858 857 1910 μοι
876 1833 965 1914 λόγον

164 1921 256 2000 λέγεις
277 1921 428 1998 ἄχρηστον,
446 1917 570 1982 ’κελεύων
590 1945 627 1995 με
648 1923 774 1999 γυναῖκα,
794 1924 824 1978 ἐκ
844 1923 895 1995 τῆς
916 1946 967 1996 μοι

164 2007 260 2068 παῖδες
281 2007 385 2081 νεηνίαι
405 2007 438 2066 τέ
457 2009 513 2064 εἰσι
536 2005 582 2064 καὶ
605 2005 762 2082 θυγατέρες,
782 2009 838 2066 τῶν
859 2006 905 2064 καὶ
927 2006 965 2066 σῦ

165 2093 232 2170 μίαν
243 2095 282 2172 τῷ
295 2093 373 2152 παιδὶ
387 2095 426 2172 τῷ
442 2095 565 2152 σεωυτοῦ
582 2091 688 2173 ἠγάγεο
706 2095 832 2173 γυναῖκα,
846 2091 917 2169 αὐτή
932 2093 965 2153 τέ

165 2206 214 2258 μοι
238 2179 309 2241 καταὶ
331 2179 396 2240 νόον
418 2177 550 2261 τυγχάνει
573 2179 662 2258 κάρτα
685 2183 780 2250 ἐοῦσα,
802 2179 905 2256 ταύτην
927 2205 964 2256 με
988 2191 990 2196 ’

166 2266 286 2331 κελεύεις
298 2268 424 2344 μετέντα,
437 2266 577 2348 θυγατέρα
588 2266 641 2343 τήν
653 2265 710 2342 σήν
726 2270 834 2348 γήμαις
856 2267 910 2347 ε’γῦ
927 2267 965 2336 δὲ,

165 2357 299 2433 βασιλεῦ,
322 2356 396 2436 μέγα
418 2355 470 2432 μέν
491 2359 623 2432 ποιεῦμαι
649 2353 808 2432 ἀξιεύμενος
830 2354 967 2436 θυγατρός

165 2447 216 2520 τῆς
238 2447 301 2519 σῆς,
323 2441 434 2519 ποιήσω
457 2442 553 2520 μέντοι
575 2441 680 2515 τούτων
702 2440 842 2520 οὐδέτερα·
876 2441 913 2502 σῦ
933 2443 967 2502 δὲ

165 2531 299 2608 μηδαμῶς
311 2531 368 2606 βιῶ
380 2528 546 2612 πρήγματος
558 2529 666 2590 τοιοῦδε
682 2528 820 2606 δεόμενος·
841 2529 919 2589 άλλοὶ
930 2533 967 2610 τῇ

166 2644 197 2678 τε
216 2622 257 2696 σῇ
280 2617 397 2698 θυγατρὶ
417 2616 488 2696 άνήρ
509 2615 599 2681 άλλος
620 2616 779 2693 φανήσεται
801 2621 866 2695 ἐμεῦ
888 2617 968 2684 οὐδὲν

166 2705 273 2781 ἥσσων,
296 2706 346 2783 ε’μέ
366 2731 398 2765 τε
421 2705 452 2764 έα
475 2705 598 2786 γυναικὶ]
602 2731 638 2783 τη
658 2709 712 2784 έμῇ
733 2704 911 2766 συνοικέειν.”
950 2703 968 2765 ὁ

167 2795 218 2869 μὲν
241 2792 275 2869 δή
298 2791 452 2852 τοιούτοισι
472 2791 629 2869 ἀμείβεται·
656 2791 763 2869 Ξέρξης
783 2791 813 2850 δὲ
834 2791 968 2869 θυμωθεὶς

167 2881 245 2962 λέγει
265 2880 340 2940 τάδε·
362 2878 532 2948 “ούτωτοι,
555 2879 703 2949 Μασίστα,
717 2880 883 2957 πέπρηκται·
905 2877 968 2938 ούτε

167 2967 223 3049 γάρ
247 2965 281 3028 ἄν
304 2993 349 3028 τοι
371 2966 443 3046 δήην
467 2966 605 3049 θυγατέρα
624 2965 677 3042 τήν
696 2964 766 3044 ε’μήν
784 2968 882 3046 γήμαι,
904 2963 968 3026 ούτε

169 3055 258 3135 ἐκείνῃ
275 3058 383 3116 πλεῦνα
401 3053 503 3134 χρόνον
518 3052 704 3129 συνοικήσεις·
726 3053 761 3117 ὦς
778 3053 870 3132 μάθῃς
881 3052 916 3114 τά
930 3053 968 3113 δι-

169 3143 271 3222 δόμενα
297 3140 452 3206 δέκεσθαι.”
493 3139 509 3202 ὁ
533 3141 563 3201 δὲ
585 3140 621 3204 ὦς
642 3144 731 3202 ταῦτα
752 3139 865 3216 ἤκουσε,
889 3140 969 3206 εἴπας

168 3231 294 3360 τορῙάνδε,
326 3230 426 3312 έχείρεε
455 3229 516 3301 ἔξω·
556 3239 574 3266 “
582 3228 716 3299 δέσποτα,
743 3228 777 3290 σύ
805 3228 841 3304 δή
869 3228 908 3290 καί
933 3255 969 3300 με

227 3316 296 3362 ,“δό
