2280 3432
174 115 224 165 τοι
491 114 671 164 mommo
909 114 974 179 [1x.

174 192 232 270 ἅμα
245 192 275 253 δὲ
287 197 424 270 πυρσοῖσι
438 191 483 251 διαὶ
496 191 589 268 νήσων
600 191 691 250 ἐδόκεε
702 192 824 268 βασιλέϊ
836 191 975 269 δηλώσειν

175 281 247 341 ε’όντι
268 286 297 340 έν
317 279 443 356 Σάρδισι,
464 279 507 338 ὅτι
527 279 587 358 ἔχοι
606 278 736 355 Ἀθήνας.
777 280 807 344 ὃς
828 279 890 340 οὐδὲ
909 281 975 342 τότε

174 367 339 443 ἀπικόμενος
367 371 394 430 ές
412 366 464 442 τήν
483 365 613 442 Ἀττικήν
635 364 695 444 εὗρε
717 367 782 432 τους
800 367 973 444 Ἀθηναίους,

174 454 239 513 ἀλλ’
261 456 289 514 έν
315 480 346 514 τε
373 455 513 531 Σαλαμῖνι
538 453 603 518 τούς
629 456 780 519 πλείστους
807 456 975 518 ἐπυνθάνετο

175 540 252 610 εἶναι,
270 543 298 601 ἕν
315 568 346 601 τε
363 545 431 620 τῇσι
451 544 542 618 νηυσί·
564 544 648 620 αἱρέει
667 567 698 602 τε
719 548 821 620 ε’ρῆμον
839 543 872 603 τό
890 543 974 605 άστυ.

174 628 193 705 ή
207 629 236 688 δὲ
248 631 388 708 βασιλέος
401 630 508 706 αἵρεσις
522 635 549 694 ἐς
564 630 615 705 τήν
629 630 778 708 όστεραίην
794 631 846 708 τήν
859 631 973 710 Μαρδο-

174 717 233 776 νίου
247 718 446 795 ἐπιστρατηίην
459 717 611 794 δεκάμηνος
624 720 742 798 ἐγένετο.

147 806 166 866 4
214 803 293 863 Ἐπεὶ
307 805 336 863 δὲ
350 809 379 864 έν
391 803 528 883 Ἀθήνῃσι
543 806 651 886 ε’γένετο
662 805 678 865 ό
689 806 855 882 Μαρδόνιος,
870 808 973 885 πέμπει

175 896 202 955 ές
232 895 379 970 Σαλαμῖνα
408 892 589 970 Μουρυχίδην
623 891 709 970 ἄνδρα
738 892 972 970 Ἑλλησπόντιον,

175 980 296 1057 φέροντα
309 979 373 1042 τούς
386 978 484 1041 αότοδς
502 978 604 1058 λόγους
621 980 685 1042 τούς
702 979 747 1038 καὶ
760 979 942 1056 Ἀλέξανδρος
955 980 972 1039 ο“

174 1067 310 1126 Μακεδών
335 1071 411 1126 τοῖσι
434 1065 609 1141 Ἀθηναίοισι
634 1066 843 1143 διεπόρθμευσε.
884 1071 972 1125 ταῦτα

174 1153 204 1213 δὲ
221 1155 253 1214 τό
275 1154 400 1232 δεότερον
420 1153 587 1227 α’πέστελλε,
603 1154 727 1232 προέχων
743 1157 794 1231 μὲν
814 1152 972 1230 τῶνᾏθη-

175 1241 257 1302 ναίων
271 1242 303 1301 οὐ
317 1243 416 1318 φιλίας
428 1240 547 1322 γνώμας,
562 1241 679 1311 ἐλπίζων
695 1241 726 1299 δέ
743 1247 835 1316 σφεας
851 1239 972 1317 ιῖπήσειν

172 1333 223 1406 τῆς
239 1328 443 1412 άγνωμοσόνης,
459 1328 495 1392 ὥς
513 1328 683 1406 δοριαλώτου
700 1328 800 1404 εὀόσης
815 1328 908 1404 πόσης
921 1333 972 1405 τῆς

172 1415 301 1492 Ἀττικῆς
321 1415 412 1496 χιόρης
431 1417 476 1474 καὶ
497 1417 597 1492 ἐούσης
616 1415 669 1492 ἤδη
688 1415 733 1474 ὑπ’
751 1419 847 1495 ἑωυτῷ·
868 1415 971 1476 τούτων

172 1507 224 1581 μὲν
256 1505 344 1564 εἵνεκα
375 1501 522 1580 ἀπέπεμψε
548 1503 728 1582 Μουρυχίδην
758 1508 785 1567 ές
812 1505 969 1581 Σαλαμῖνα.

145 1592 206 1651 δὈ
226 1594 262 1664 δὲ,
281 1590 445 1667 ἀπικόμενος
466 1591 511 1650 ἐπὶ
529 1590 581 1666 τὴν
600 1591 719 1666 βουλήν,
743 1593 822 1674 ἔλεγε
839 1593 874 1653 τοὶ
893 1593 969 1670 παρά

171 1679 341 1755 Μαρδονίου·
365 1680 420 1737 τῶν
440 1678 469 1736 δὲ
489 1678 664 1754 βουλευτέων
683 1680 803 1755 Λυκίδης
824 1680 883 1739 εἶπε
901 1680 969 1762 γνά-

170 1792 236 1843 μην,
248 1765 282 1828 ὥς
296 1768 322 1824 οἱ
336 1763 427 1824 ε’δόκεε
440 1763 552 1842 άμεινον
562 1765 631 1825 εἶναι
645 1765 807 1844 δεξαμένους
820 1767 869 1828 τόν
882 1767 969 1848 λόγον

171 1853 221 1913 τόν
250 1859 306 1929 σφι
332 1854 511 1932 Μουρυχιδης
539 1855 683 1932 προφέρει,
711 1856 841 1925 ἐξενεῖκαι
868 1859 895 1918 ἐς
920 1854 969 1916 τόν

172 1941 270 2018 δῆμον·
291 1940 307 2002 ό
322 1943 373 2018 μὲν
392 1942 426 2017 δή
442 1941 545 2020 ταύτην
557 1942 609 2020 τήν
626 1942 738 2025 γνοίμην
752 1942 929 2019 ἀπεφαίνετο,
945 1943 970 2003 εἴ

169 2055 201 2089 τε
217 2031 250 2106 δή
267 2030 428 2111 δεδεγμένος
444 2029 576 2110 χρήματα
594 2031 670 2108 παρά
684 2031 844 2108 Μαρδονίου
858 2032 883 2090 εἴ
898 2057 929 2090 τε
942 2033 969 2090 οἱ

171 2119 217 2177 καὶ
228 2123 316 2179 ταῦτα
330 2119 449 2179 ἑάνδανε·
470 2117 614 2195 Ἀθηναῖοι
631 2119 660 2177 δὲ
678 2117 776 2177 αι’ντίκα
789 2118 877 2178 δεινόν
890 2145 969 2195 ποιη-

172 2206 296 2282 σόμενοι,
322 2207 351 2265 οἵ
371 2233 402 2266 τε
427 2211 456 2265 έκ
479 2210 529 2282 τῆς
551 2209 661 2282 βουλῆς
683 2207 729 2264 καὶ
753 2209 779 2264 οἱ
803 2206 908 2275 ἔξωθεν,
935 2207 970 2270 ὥς

170 2294 313 2363 ε’πόθοντο,
328 2293 507 2370 περιστάντες
520 2295 641 2352 Λυκίδεα
659 2294 829 2351 κατέλευσαν
841 2292 968 2367 βάλλον-

169 2407 222 2452 τες,
240 2381 290 2441 τόν
312 2381 341 2439 δὲ
360 2381 586 2456 Ἑλλησπόντιον
603 2379 781 2458 Μουρυχίδεα
799 2377 969 2457 ἀπέπεμψαν

170 2469 277 2528 α’σινέα·
297 2469 445 2547 γενομένου
462 2468 491 2526 δὲ
508 2468 631 2546 θορύβου
646 2472 674 2525 έν
691 2470 727 2544 τῇ
747 2467 886 2544 Σαλαμῖνι
904 2470 969 2545 περὶ

169 2555 218 2615 τόν
237 2554 365 2624 Λυκίδεα,
381 2554 566 2615 πυνθάνονται
583 2554 616 2615 τό
634 2553 778 2636 γινόμενον
796 2557 825 2613 αἱ
842 2559 969 2636 γυναῖκες

168 2646 224 2702 τῶν
236 2641 398 2717 Ἀθηναίων·
419 2643 654 2720 διακελευσαμένη
668 2643 697 2702 δὲ
709 2641 778 2725 γυνή
791 2643 908 2725 γυναικὶ,
922 2644 968 2707 καὶ

169 2730 387 2808 παραλαβοῦσα,
406 2730 451 2790 ε’πὶ
469 2729 520 2806 τήν
536 2731 659 2791 Λυκίδεω
678 2732 766 2808 οἰκίην
784 2731 869 2808 ἤϊσαν
888 2730 967 2790 αὕτα·

170 2819 270 2888 κελέες,
295 2818 340 2876 καὶ
365 2817 434 2878 κατά
458 2822 509 2896 μὲν
533 2821 651 2880 ἔλευσαν
672 2819 756 2880 αὐτοῦ
777 2819 828 2896 τήν
851 2819 967 2900 γυναῖκα

170 2906 240 2966 κατά
254 2907 284 2965 δὲ
297 2906 331 2966 τά
344 2908 435 2967 τέκνα.

142 2995 160 3054 6
209 2993 256 3058 Ἐς
269 2994 362 3070 δὲτὴν
382 2998 529 3076 Σαλαμῖνα
547 2999 685 3077 διέβησαν
704 3001 730 3058 οἱ
743 2995 886 3072 Ἀθηναῖοι
904 2993 965 3054 ὦδε·

169 3080 216 3144 ἕως
242 3085 294 3158 μὲν
315 3085 517 3160 προσεδέκοντο
540 3087 590 3146 τόν
617 3091 646 3144 ἐκ
673 3089 723 3161 τῆς
745 3080 966 3156 Πελοποννήσου

168 3169 291 3243 στρατόν
303 3169 379 3245 ἥξειν
395 3171 589 3250 τιμωρήσοντά
607 3179 671 3251 σφι,
686 3175 713 3232 οἱ
729 3171 758 3232 δὲ
776 3171 871 3248 έμενον
887 3170 963 3245 ἕντῇ

166 3247 290 3332 Ἀττική·
304 3258 363 3318 ἐπεὶ
376 3258 406 3318 δὲ
419 3262 446 3319 οἳ
458 3261 510 3335 μὶν
519 3259 677 3339 μακρότερά
688 3285 719 3320 τε
733 3259 778 3318 καὶ
791 3253 964 3335 σχολαίτερα
