2280 3432
157 101 203 146 '200
462 95 647 143 ‘HPOAOTOT
875 95 951 158 [VII.

157 179 202 234 καὶ
224 181 259 254 τῇ
284 178 349 234 Θέτι
373 176 419 233 καὶ
440 177 507 251 τῇσι
534 173 658 249 Νηρηίσι
687 174 805 242 θύοντες,
831 175 955 234 ἔπαυσαν

155 265 272 340 τετάρτῃ
286 263 385 340 ἡμέρη·
403 260 421 337 ἢ
435 261 528 324 ἄλλως
543 289 594 324 κως
608 261 691 324 αὐτός
706 263 808 320 ἐθέλων
822 261 954 322 ἐκόπασε·

155 351 237 430 τῇδὲ
255 353 321 408 Θέτι
338 351 424 419 ἔθυον,
449 349 600 426 πυθόμενοι
621 349 697 426 παρό
714 355 767 409 τῶν
788 349 887 410 Ἰώνων
907 350 955 410 τόν

156 438 250 519 λόγον,
276 438 310 500 ὥς
338 443 367 496 ἐκ
390 441 441 496 τοῦ
468 436 560 515 χώρου
587 437 686 497 τούτου
715 437 873 514 ἁρπασθείη
900 438 955 498 ὖπό

81 591 88 603 ,
156 528 275 605 Πηλέος,
295 527 336 601 εἴη
354 552 385 584 τε
403 524 501 584 ίίπασα
519 525 537 601 ή
554 525 623 601 ἀκτή
642 525 660 601 ή
681 525 788 600 Σηπιὰς
808 526 910 601 ἐκείνης
925 553 972 585 τε·

156 615 201 672 καὶ
217 619 270 673 τῶν
285 613 379 673 ἄλλων
398 607 554 691 Νηρηίδων
577 614 659 690 ὁμὲν
677 613 710 688 δή
730 614 847 691 τετάρτῃ
866 613 955 692 ἡμέρη

110 703 164 762 192
175 703 322 762 ἐπέπαυτο.
364 707 447 762 Τοῖσι
466 703 494 761 δέ
506 703 635 778 Ἕλλησι
654 705 680 761 οἱ
693 701 886 778 ἡμεροσκόποι
900 702 954 762 οἷπό

154 795 208 850 τῶν
235 791 324 868 ἄκρων
344 795 399 850 τῶν
425 791 572 867 Εὐβοϊκῶν
599 791 820 866 καταδραμόντες
845 791 956 868 δευτέρη

73 913 75 916 ·
154 877 243 958 ήμέρη
257 879 304 937 ἅττ’
318 877 380 954 ἦςό
397 879 500 958 χειμιδν
515 879 530 938 ὂ
544 884 652 956 πρῶτος
674 879 790 959 ἐγένετο,
805 880 956 954 ἐσήμαινον

154 966 245 1027 πάντα
268 968 304 1027 τοὶ
328 968 463 1049 γενόμενα
486 969 549 1044 περὶ
570 967 621 1044 τήν
646 969 788 1048 ναυηγίην·
825 971 850 1026 οἱ
872 968 901 1026 δὲ
922 967 956 1031 οἷς

155 1055 297 1126 ἐπύθοντο,
308 1056 478 1116 Ποσειδέωνι
487 1058 595 1132 Σωτῆρι
610 1055 760 1132 εὐξάμενοι,
773 1056 818 1112 καὶ
833 1055 956 1117 σπονδὰς
982 1107 984 1112 .

155 1145 329 1222 προχέαντες,
351 1143 402 1220 τήν
419 1145 558 1222 ταχίστην
576 1143 666 1202 ὀπίσω
681 1142 834 1223 ἠπείγοντο
858 1143 903 1200 ἐπὶ
923 1143 955 1202 τό

153 1229 341 1308 Ἀρτεμίσιον·
364 1233 529 1294 ἐλπίσαντες
543 1232 641 1312 ὀλίγας
654 1229 731 1292 τινοίς
745 1237 800 1306 σφι
816 1230 956 1300 ἀντιξόους

155 1319 271 1378 ἐσεσθαι
284 1321 356 1382 νέας.
398 1324 425 1378 οἱ
437 1323 488 1395 μέν
502 1319 535 1395 δή
550 1319 583 1378 τό
602 1319 728 1394 δεύτερον
742 1318 877 1392 ἐλθόντες,
892 1319 955 1395 περὶ

154 1405 186 1464 τδ
209 1406 387 1484 Ἀρτεμίσιον
412 1407 585 1485 ἐναυλόχεον,
612 1407 803 1469 Ποσειδέωνος
829 1409 956 1484 Σωτῆρος

156 1497 309 1570 ἐπωνυμίην
323 1495 378 1554 αἶπό
392 1494 491 1554 τούτου
506 1497 545 1552 ἔτι
560 1495 605 1552 καὶ
619 1501 646 1557 ἐς
659 1495 722 1553 τόδε
736 1496 899 1570 νομίζοντες.

109 1583 165 1639 193
209 1585 246 1639 Οἱ
260 1581 288 1639 δέ
301 1581 456 1659 βάρβαροι,
469 1581 504 1644 ὥς
518 1581 662 1641 ἐπαύσατό
675 1608 706 1642 τε
720 1581 735 1641 ό
749 1581 850 1659 ἄνεμος
863 1583 909 1641 καὶ
922 1582 955 1642 τό

156 1673 228 1745 κῦμα
256 1669 383 1746 ἔστρωτο,
414 1668 654 1749 κατασπείσαντεςΙ
680 1671 730 1732 τός
762 1659 956 1745 νήαςιέπλεον

155 1757 231 1833 παρὰ
256 1756 308 1834 τήν
334 1757 458 1834 ἤπειρον·
492 1756 652 1834 κάμψαντες
676 1759 704 1816 δέ
728 1756 780 1833 τήν
801 1755 887 1834 ἄκρην
906 1761 955 1833 τῆς

155 1845 331 1926 Μαγνησίης,
360 1847 445 1906 ἰθεῖαν
469 1847 569 1904 ἔπλεον
590 1851 618 1908 ἐς
637 1845 687 1905 τόν
708 1845 814 1904 κόλπον
835 1845 883 1904 τόν
911 1845 955 1904 ἐπὶ
1027 1883 1032 1888 -

155 1935 313 2014 Παγασέων
337 1933 468 2012 φέροντα.
511 1935 571 1993 ἐστι
592 1934 621 1992 δέ
641 1939 732 2014 χιῧρος
753 1939 781 1992 ἐν
801 1937 839 2011 τῷ
860 1933 955 2011 κόλπῳ

155 2020 243 2100 τούτῳ
263 2026 313 2098 τῆς
334 2023 508 2102 Μαγνησίης,
526 2023 590 2082 ἔνθα
611 2023 724 2102 λέγεται
743 2020 793 2080 τόν
813 2020 955 2097 Ἡρακλέα

155 2111 376 2184 καταλειφθῆναι
392 2109 447 2168 όπδ
459 2108 586 2184 Ἰήσονός
605 2135 637 2169 τε
653 2109 698 2168 καὶ
716 2113 772 2168 τῶν
788 2109 956 2184 συνεταίρων

155 2199 185 2254 ἐκ
206 2200 255 2271 τῆς
277 2197 395 2277 Ἀργοῦς
417 2195 459 2255 ἐπ’
482 2197 554 2274 ὕδωρ
578 2198 750 2274 πεμφθέντα,
776 2195 829 2256 εὖτ’
854 2196 899 2254 ἐπὶ
922 2194 955 2256 τό

155 2286 225 2346 κῶας
246 2284 346 2343 ἔπλεον
366 2289 393 2348 ἐς
414 2283 485 2344 Αἶαν
504 2284 556 2360 τήν
576 2285 717 2364 Κολχίδα·
758 2284 881 2344 ἐνθεῦτεν
900 2283 955 2362 γιὶρ
1030 2348 1031 2352 Ἰ

155 2369 275 2446 ἔμελλον
294 2370 493 2448 ὐδρευσαίμενοι
515 2376 542 2434 ἐς
562 2371 594 2431 τό
613 2373 738 2452 πέλαγος
756 2369 887 2446 ἀφήσειν·
910 2371 956 2429 ἐπὶ

154 2455 253 2517 τούτου
280 2457 309 2516 δὲ
334 2463 372 2537 τῷ
395 2458 475 2538 χοίρῳ
502 2457 607 2536 οὕνομα
634 2460 732 2541 γέγονε
757 2457 884 2534 Ἀφέται.
927 2461 956 2516 ἐν

121 2551 123 2555 ’
154 2543 241 2623 τούτῳ
256 2544 293 2604 ὧν
307 2544 395 2622 ὅρμον
409 2550 435 2605 οἱ
448 2547 555 2624 Ξέρξεω
571 2551 721 2607 ἐποιεῦντο.

109 2635 166 2715 194
209 2634 410 2693 Πεντεκαίδεκα
437 2635 466 2694 δέ
491 2639 546 2696 τῶν
573 2639 644 2711 νηῶν
664 2634 782 2695 τουτέων
806 2632 904 2711 ἔτυχόν
925 2660 955 2694 τε

154 2719 272 2780 ὕσταται
287 2721 398 2782 πολλόν
415 2723 618 2802 ἐξαναχθεῖσαι,
633 2723 681 2782 καί
698 2749 750 2785 κως
766 2721 891 2782 κατεῖδον
906 2720 956 2784 τᾶς

156 2808 197 2868 ἐπ’
211 2807 377 2890 Ἀρτεμισίῳ
390 2813 445 2870 τῶν
457 2809 603 2886 Ἑλλήνων
616 2815 691 2884 νῆας,
704 2808 799 2878 ἔδοξάν
812 2835 843 2868 τε
858 2808 892 2885 δή
906 2808 956 2872 τὰς

154 2897 294 2974 σφετέρας
312 2897 380 2958 εἶναι
399 2901 426 2957 οἱ
438 2897 593 2974 βάρβαροι,
608 2897 653 2956 καὶ
671 2898 803 2959 πλέοντες
818 2898 956 2956 ἐσέπεσον

155 2989 183 3065 ἐς
201 2985 266 3049 τούς
285 2986 445 3063 πολεμίους·
472 2987 528 3044 τῶν
548 2983 717 3065 ἐστρατήγεε
737 2984 753 3044 ὁ
774 2983 830 3042 οἷπὸ
856 2983 955 3060 Κύμης

155 3076 205 3147 τῆς
227 3074 357 3136 Αἰολίδος
377 3071 502 3150 ὕπαρχος
524 3070 669 3146 Σανδώκης
687 3072 703 3131 ό
726 3071 884 3148 Θαμασίου·
905 3069 955 3130 τόν

156 3157 190 3233 δή
214 3161 349 3238 πρότερον
372 3158 475 3219 τούτων
498 3157 636 3234 βασιλεῦς
660 3164 786 3238 Δαρεῖος,
814 3157 855 3216 ἐπ’
881 3158 954 3233 αἰτίη

156 3247 246 3321 τοιῇδε
266 3248 366 3324 λαβὼν
385 3244 589 3320 ἀνεσταύρωσε,
613 3245 694 3307 ἐόντα
717 3251 771 3308 τῶν
794 3244 954 3324 βασιληίων
