2204 3430
185 129 217 176 ω
495 123 677 174 ἯΡοΔοιοι
919 122 982 188 [τι.

186 203 324 280 διπλήσια
344 203 476 280 νέμοντας
499 202 617 281 ἑκατέρῳ
637 201 673 261 τοὶ
693 200 787 262 πάντα
804 197 822 276 ή
839 205 917 262 τοῖσι
934 202 983 264 άλ·

185 295 265 351 λοισι
278 289 463 366 δαιτυμόνεσι·
479 290 525 348 καὶ
537 288 729 368 σπονδαρχίας
743 288 812 349 εἶναι
825 287 929 350 τούτων
939 293 984 352 καὶ

184 383 239 438 τῶν
257 379 391 438 τυθέντων
411 377 563 455 προβάτων
583 377 619 437 τοὶ
637 377 769 454 δέρματα·
790 378 937 454 νεομηνίας
955 380 984 440 δὲ

186 465 238 526 α’νοὶ
258 464 352 528 πάσας
373 466 419 524 καὶ
441 464 564 542 ἑβδόμας
586 465 737 542 ἱσταμένου
757 467 808 524 τοῦ
828 464 923 541 μηνός,
946 465 984 527 δί-

186 553 287 614 δοσθαι
309 558 339 612 ἔκ
359 556 409 612 τοῦ
431 551 567 629 δημοσίου
587 551 675 629 ἱρήῖον
693 552 801 612 τέλειον
819 553 936 633 ἑκατέρη
957 559 985 618 ε’ς

185 639 373 710 Ἀπόλλωνος,
385 640 431 700 καὶ
443 641 576 718 μέδιμνον
589 639 724 716 ἀλφίτων,
740 639 786 698 καὶ
800 640 876 699 οἴνου
888 641 983 720 τετάρ-

185 753 236 804 την
251 727 422 804 λακωνικήν·
443 728 489 787 καὶ
505 732 534 788 ἐν
550 731 626 788 τοῖσι
643 725 734 806 όγῶσι
749 729 823 786 πᾶσι
837 728 988 805 προεδρίαςΙ

186 816 352 893 ἐξαιρέτους·
384 817 429 875 καὶ
455 815 615 892 προξείνους
641 813 832 874 ἀποδεικνύναι
857 814 983 876 τούτοισι

185 905 373 980 προσκεῖσθαι
390 903 455 966 τούς
473 901 508 963 ἂν
528 903 647 963 ἐθέλωσι
666 906 721 961 τῶν
741 901 844 962 ἀστῶν·
866 903 912 962 καὶ
925 910 982 964 Πυ-

128 983 130 987 Ι
186 993 261 1056 θίους
273 993 416 1070 αἱρέεσθαι
429 990 477 1051 δύο
493 990 630 1068 ἑκάτερον·
646 990 686 1070 (οἱ
700 988 843 1050 δὲΠύθιοί
854 993 909 1050 εἰσι
923 993 982 1052 θεο-

184 1080 289 1158 πρόποι
306 1086 334 1144 ές
347 1079 487 1156 Δελφούς,ι
501 1078 657 1155 σιτεόμενοι
676 1075 748 1154 μετὰ
765 1079 820 1137 τῶν
836 1078 983 1152 βασιλέων

185 1167 221 1227 τά
241 1167 385 1248 δημόσια.)
426 1167 466 1243 μή
481 1167 599 1226 ἐλθοῦσι
617 1165 647 1226 δὲ
666 1167 743 1224 τοῖσι
759 1161 917 1240 βασιλεῦσι
937 1168 983 1227 ε’πὶ

184 1254 218 1315 τό
239 1255 356 1324 δεῖπνον,
371 1254 590 1331 ἀποπέμπεσθαί
606 1257 663 1327 σφι
676 1257 704 1314 ἐς
715 1251 751 1311 τοὶ
765 1253 838 1310 οἰκία
856 1251 983 1330 ἀλφίτων

185 1367 217 1402 τε
230 1341 278 1401 δύο
292 1343 414 1420 χοίνικας
426 1342 541 1419 ἑκατέρῳ
553 1340 599 1399 καὶ
610 1340 684 1400 οἴνου
696 1337 824 1415 κοτύλην·
846 1346 983 1418 παρεοῦσι

185 1428 216 1488 δὲ
237 1429 372 1504 διπλήσια
392 1427 483 1487 πάντα
505 1428 641 1488 δίδοσθαι·
662 1425 751 1487 τώυτό
776 1427 805 1486 δὲ
828 1430 912 1488 τοῦτο
936 1431 983 1490 καὶ

185 1515 255 1594 πρός
276 1515 399 1575 ἰδιωτέων
418 1515 570 1590 κληθέντας
584 1515 629 1574 ἐπὶ
642 1514 753 1574 δεῖπνον
765 1516 912 1592 τιμᾶσθαι·
932 1517 983 1582 τοὶς

186 1603 216 1662 δὲ
228 1603 361 1680 μαντηίας
373 1602 422 1666 τός
434 1601 580 1683 γινομένας
596 1601 710 1665 τούτους
726 1601 896 1678 φυλάσσειν·
917 1630 982 1666 σνν-

186 1690 285 1751 ειδέναι
307 1691 336 1749 δὲ
359 1691 404 1749 καὶ
426 1716 490 1753 τους
514 1691 646 1752 Πυθίους·
670 1689 788 1760 δικάζειν
811 1690 841 1749 δὲ
864 1690 983 1767 μούνους

186 1777 250 1840 τούς
263 1777 403 1852 βασιλέας
419 1776 522 1836 τοσάδε
528 1781 640 1873 μοῦνα·
662 1777 822 1856 πατρούχου
835 1803 866 1838 τε
879 1780 980 1856 παρθέ-
970 1817 991 1829 -·

185 1891 233 1925 νου
250 1865 314 1942 πέρι
336 1870 362 1928 ἐς
380 1865 430 1924 τόν
449 1853 565 1924 ικνέεται
587 1865 667 1944 ἔχειν,
680 1862 715 1940 ἢν
732 1864 773 1942 μή
789 1890 842 1943 περ
858 1865 875 1925 ό
888 1866 982 1978 πατήρ

184 1951 270 2029 αύτήν
292 1955 426 2034 ε’γγιήση·
448 1979 494 2011 και
484 1951 586 2012 όδων
609 1952 822 2029 δημοσιέων
784 1978 858 2030 περι·
879 1954 926 2012 καὶ
946 1955 982 2030 ἤν

183 2067 225 2103 τις
239 2040 320 2101 θετόν
335 2041 421 2099 παῖδα
434 2041 579 2100 ποιέεσθαι
593 2039 684 2116 ε’θέλῃ,
698 2040 845 2123 βασιλέων
858 2042 982 2102 ε’ναντίον

184 2129 339 2188 ποιέεσθαι·
361 2127 406 2185 καὶ
426 2128 549 2204 παρίζειν
567 2126 740 2203 βουλεύουσι
760 2131 838 2188 τοῖσι
855 2129 980 2208 γέρουσι,

185 2219 263 2274 ἐοῦσι
277 2215 346 2273 δυῶν
360 2214 454 2272 δέουσι
469 2213 626 2291 τριήκοντα·
646 2213 681 2290 ἢν
694 2213 724 2272 δὲ
736 2213 776 2290 μή
790 2215 903 2284 ἔλθωσι,
916 2215 983 2280 τούς

183 2301 311 2379 μάλιστά
332 2307 387 2377 σφι
407 2305 461 2360 τῶν
481 2300 617 2382 γερόντων
637 2301 832 2378 προσήκοντας
853 2303 982 2383 ἔχειν
945 2329 984 2363 τα

182 2414 238 2448 των
250 2388 447 2464 βασιλέων’
413 2414 504 2469 γερεα,
519 2387 567 2448 δύο
581 2387 694 2468 ψήφους
706 2389 875 2485 τιθεμένους,
885 2390 999 2468 τρίτηνΙ

184 2475 270 2547 δὲ,
235 2501 287 2552 την
301 2479 414 2535 έωυτων.

136 2565 175 2624 58
224 2567 317 2624 Ταῦτα
336 2566 387 2641 μὲν
406 2563 475 2634 ζῶσι
491 2566 569 2624 τοῖσι
584 2564 742 2641 βασιλεῦσι
759 2563 896 2624 δέδοται
883 2589 913 2623 εκ
931 2569 983 2625 τοῦ

184 2655 276 2712 κοινοῦ
296 2655 351 2711 τῶν
373 2652 575 2728 Σπαρτιητέων·
599 2645 773 2718 άποθανοῦσι
793 2650 916 2711 δὲτάδε·
939 2654 983 2712 ἶπ-

184 2740 248 2804 πέες
268 2740 507 2822 περιαγγέλλουσι
526 2739 566 2799 τό·
581 2737 695 2821 γεγονός
720 2737 791 2799 κατά
812 2742 909 2799 πᾶσαν
929 2738 985 2816 τήν

183 2827 354 2905 Λακωνικήν·
375 2825 445 2887 κατά
465 2826 494 2886 δὲ
509 2825 562 2902 τήν
582 2825 666 2886 πόλιν
683 2830 808 2908 γυναῖκες
822 2829 985 2904 περιῖοΰσαι

184 2917 295 2994 λέβητα
309 2917 463 2994 κροτέουσι·
485 2914 569 2974 ε’πεάν
582 2913 619 2975 ὦν
631 2918 715 2974 τοῦτο
730 2913 844 2996 γένηται
861 2918 983 2987 τοιοῦτο,

184 3004 291 3087 α’νόγκη
311 3005 344 3075 ἐξ,
356 3004 442 3078 οἰκίης
460 3001 579 3078 ἑκάστης
597 3003 757 3080 ἐλευθέρους
770 3000 820 3062 δύο
839 3004 984 3078 καταμιαί-

184 3094 291 3162 νεσθαι,
302 3091 387 3168 ἄνδρα
400 3115 430 3148 τε
444 3089 490 3146 καὶ
502 3092 627 3169 γυναῖκα·
648 3088 689 3166 μή
702 3088 843 3165 ποιήσασι
856 3089 885 3148 δὲ
897 3091 985 3150 τοῦτο

185 3180 279 3256 ζημίαι
294 3178 417 3260 μεγάλαι
435 3177 584 3234 ἐπικέαται·
606 3175 690 3253 νόμος
711 3177 741 3236 δὲ
758 3180 835 3236 τοῖσι
848 3176 984 3236 Δακεδαι-

185 3269 308 3341 μονίοισι
332 3264 402 3325 κατά
423 3267 478 3324 τῶν
498 3262 646 3340 βασιλέων
671 3263 736 3328 τούς
763 3262 898 3326 θανάτους
919 3267 985 3325 ε’στὶ
