2204 3430
349 481 700 554 ‘HPOAOTOY

292 617 549 693 ἸΣΤΟΡΙΩΝ
582 622 742 693 ‘EKTH.

472 784 572 812 —4-

454 897 588 952 ΕΡΑΤΩ.
660 927 667 940 ·

185 1005 461 1077 ἈΡΙΣΤΑΓΟΡΗΣ
476 1006 529 1082 μέν
539 1031 587 1065 νυν
596 971 701 1081 Ἰωνίην
714 1004 889 1082 ἀποστήσας,
900 1005 945 1064 οὖ-

146 1119 185 1153 πω
202 1098 328 1173 τελευτᾷ.
369 1092 501 1156 Ἱστιαῖος
520 1093 549 1151 δὲ
566 1092 583 1152 ό
599 1092 731 1168 Μιλήτου
748 1093 879 1170 τύραννος
896 1119 945 1168 με-

146 1184 291 1260 μετιμένος
311 1180 365 1241 ὑπὸ
385 1181 505 1256 Δαρείου
523 1185 616 1257 παρῆν
635 1185 662 1244 ἔς
678 1179 784 1256 Σάρδις.
827 1179 945 1261 οἷπιγμέ-

147 1294 195 1328 νον
213 1270 243 1328 δὲ
262 1267 346 1328 αὐτόν
364 1272 394 1327 ἔκ
412 1271 468 1326 τῶν
482 1267 597 1330 Σούσων
618 1269 706 1344 ε’ίρετο
718 1267 909 1345 Ἀρταφέρνης
928 1266 944 1328 ό

148 1356 272 1433 Σαρδίων
285 1356 418 1433 ὕπαρχος,
434 1354 504 1414 κατδ
519 1354 594 1415 κοῖόν
614 1382 642 1415 τι
663 1355 753 1414 δοκέοι
762 1355 863 1418 Ἴωνας
878 1354 944 1414 οἷπε-

149 1442 269 1511 στόναι,
289 1443 306 1503 ό
328 1442 358 1500 δὲ
381 1441 444 1501 οὔτε
466 1442 565 1502 εἰδέναι
585 1444 640 1519 ἔφη
659 1442 783 1520 ε’θεόμαζέ
798 1469 829 1503 τε
849 1443 881 1503 τό
899 1469 944 1525 γε·

146 1529 237 1610 γονδς,
262 1530 297 1593 αἷς
319 1528 397 1588 οὐδὲν
418 1529 500 1606 δῆθεν
520 1535 576 1591 τῶν
597 1531 754 1608 παρεόντων
775 1531 945 1612 πρηγμάτων

148 1617 342 1695 ἐπιστάμενος·
362 1616 423 1677 όδὲ
435 1616 625 1696 Ἀρταφέρνης
640 1617 725 1694 όρέων
745 1617 829 1678 αὐτόν
848 1618 943 1698 τεχνά-

148 1705 239 1775 ζοντα,
261 1705 329 1775 εῒπε,
354 1705 429 1768 εἶδός
452 1705 503 1781 τήν
529 1704 657 1783 ἅπρεκίην
683 1710 733 1781 τῆς
759 1705 943 1769 ἀποστάσιος·

147 1802 166 1828 “
176 1791 245 1853 οὕτω
264 1819 317 1863 τοι,
330 1792 453 1864 Ἱστιαῖε,
468 1795 525 1872 ἔχει
545 1793 616 1852 κατὰ
635 1798 723 1853 ταῦτα
735 1793 770 1853 τοὶ
783 1792 943 1874 πρήγματα·

146 1885 230 1942 τοῦτο
250 1880 283 1942 τό
303 1881 435 1959 όπόδημα
456 1882 577 1960 ἔρραψας
596 1881 715 1958 μὲνού,
734 1879 893 1956 ὖπεδήσατο
913 1881 944 1941 δὲ

112 1966 373 2052 2Ἀρισταγόρης.”
419 1969 611 2046 Ἀρταφέρνης
638 1972 690 2046 μὲν
719 1973 806 2029 ταῦτα
837 1973 864 2031 ε’ς
891 1969 944 2045 τήν

147 2056 307 2118 ἀπόστασιν
328 2059 427 2136 ἔχοντα
447 2057 515 2116 εἶπεΙ
535 2057 668 2120 Ἱστιαῖος
681 2058 710 2115 δὲ
723 2057 817 2120 δείσας
830 2057 866 2119 ὦς
878 2083 942 2116 συν-

148 2146 222 2205 ιέντα
243 2145 443 2222 Ἀρταφέρνεα,
467 2144 522 2204 ὖπδ
549 2143 602 2219 τήν
628 2143 752 2220 πρωτην
767 2145 944 2206 ἐπελθοῦσαν

146 2232 231 2293 νύκτα
252 2231 358 2308 οἷπέδρη
377 2231 423 2290 ε’πὶ
444 2231 603 2302 θάλασσαν,
618 2233 745 2308 βασιλέα
766 2236 884 2309 Δαρεῖον
902 2235 943 2303 ε’ξ-

145 2317 302 2395 ηπατηκῶς·
323 2317 355 2381 ὃς
368 2317 466 2395 Σαρδο)
485 2323 573 2394 νῆσον
590 2319 642 2395 τήν
658 2323 795 2401 μεγίστην
811 2319 943 2390 ὑποδεξά-

144 2432 228 2483 μενος
244 2404 482 2486 κατεργάσασθαι,
496 2405 610 2467 ὕπέδυνε
630 2411 684 2468 τῶν
697 2407 794 2468 Ἰώνων
813 2408 865 2483 τήν
880 2408 955 2490 ἦγε-Δ

145 2494 244 2571 μονίην
264 2496 315 2552 τοῦ
336 2493 406 2570 πρός
428 2499 548 2571 Δαρεῖον
568 2496 704 2573 πολέμου.
746 2495 847 2572 διαβὰς
867 2496 897 2554 δὲ
917 2501 945 2559 ἐς

145 2583 216 2642 Χίον
244 2581 323 2656 ἐδέθη
343 2580 398 2642 ὖπό
423 2582 506 2653 Χίων,
534 2584 738 2664 καταγνωσθεὶς
759 2583 830 2660 πρός
856 2582 946 2644 αὐτῶν

146 2669 263 2747 νεώτερα
276 2667 417 2747 πρήσσειν
430 2669 583 2752 πρήγματα
597 2675 625 2733 ἐς
638 2670 753 2733 έωυτοδς
770 2677 800 2730 ἐκ
815 2672 945 2747 Δαρείου·

145 2757 281 2834 μαθόντες
294 2758 390 2834 μέντοι
405 2761 431 2818 οί
445 2761 512 2818 Χῖοι
524 2757 575 2819 τόν
587 2757 679 2817 πάντα
697 2757 792 2838 λόγον,
809 2757 844 2822 ὥς
861 2761 947 2818 πολέ-

112 2848 129 2904 3
143 2871 206 2923 μιος
220 2847 261 2923 εἴη
274 2847 404 2923 βασιλέϊ,
419 2848 523 2906 ἔλυσαν
537 2845 631 2906 αὐτόν.
671 2845 810 2906 Ἐνθαῦτα
825 2847 858 2923 δή
873 2851 948 2924 εἰρω-

145 2934 279 3013 τειόμενος
296 2934 351 2996 ὕπδ
369 2940 425 2996 τῶν
437 2934 536 2996 Ἰοίνων
553 2933 568 2993 ὁ
580 2933 721 3004 Ἱστιαῖος,
736 2935 794 2994 κατ’
809 2936 825 2996 ὅ
837 2962 865 2996 τι
878 2962 948 3013 προ-

148 3024 238 3101 θύμως
257 3024 328 3085 οὕτω
347 3025 494 3084 ἐπέστειλε
514 3026 552 3100 τῷ
564 3021 755 3103 Ἀρισταγόρῃ
770 3022 949 3084 ἀπίστασθαι

144 3111 199 3172 οἶπό
217 3115 366 3190 βασιλέος,
382 3113 428 3171 καὶ
447 3109 532 3170 κακόν
551 3113 689 3170 τοσοῦτον
710 3113 751 3188 εἴη
760 3111 857 3175 Ἴωνας
874 3113 949 3190 ε’ξερ·

144 3202 303 3280 γασμένος;
331 3200 384 3276 τήν
407 3202 459 3277 μὲν
481 3198 632 3278 γενομένην
659 3198 769 3259 αὐτοῖσι
796 3199 886 3276 αἰτίην
914 3199 949 3260 οὔ

144 3287 224 3361 μάλα
238 3289 373 3362 ἐξέφαινε,
388 3287 403 3347 ὁ
418 3287 447 3346 δὲ
461 3285 541 3364 ἔλεγέ
553 3292 617 3360 σφι,
633 3285 667 3349 ὦς
680 3287 819 3362 βασιλεῦς
829 3291 950 3367 Δαρεῖος
