2204 3430
129 89 143 132 ι
431 83 613 132 Ἠνοιουος
880 84 926 150 [ν.

126 165 178 240 μέν
193 190 241 226 νυν
253 168 304 240 τῆς
316 164 408 245 χώρης
421 163 522 240 ταύτης
533 164 598 240 πέρι
610 163 733 244 λέγεται·
753 164 789 226 τά
802 167 928 243 παραθα-

127 250 238 312 λάσσια
258 251 281 312 δ’
302 251 339 313 ὧν
358 251 443 329 αὐτῆς
463 251 635 334 Μεγάβαζος
651 252 785 330 Περσέων
805 250 928 329 κατήκοα

128 365 227 400 εποιεε.

80 427 115 486 ll
168 431 287 505 Δαρεῖος
299 427 337 498 δὲ,
351 427 387 492 ως
400 425 502 503 διαβάς
513 427 636 508 τάχιστα
649 427 699 489 τδν
710 426 928 504 Ἑλλήσποντον

127 513 242 576 ἀπίκετο
258 520 286 580 ές
304 515 412 593 Σάρδις,
430 515 556 593 ἐμνήσθη
574 520 624 592 τῆς
640 515 672 586 ἐξ
685 514 820 576 Ἱστιαίου
833 541 864 576 τε
877 521 928 578 τοῦ

127 604 273 679 Μιλησίου
287 602 452 685 εύεργεσίης,
467 604 513 662 καὶ
525 608 575 679 τῆς
583 603 764 680 παραινέσιος
775 607 826 663 τοῦ
839 610 927 666 Μυτι-

126 691 243 766 ληναίου
253 690 348 752 Κώεω·
366 689 618 769 μεταπεμψάμενος
630 691 662 750 δέ
674 696 766 766 σφεας
779 696 806 754 ές
817 691 927 770 Σάρδις,

126 777 216 838 ε’δίδου
239 777 351 839 αύτοῖσι
372 779 491 856 αἰρεσιν.
531 777 548 838 ὁ
569 780 621 856 μὲν
648 777 683 854 δή
709 777 850 849 Ἱστιαῖος,
878 779 927 840 άτε

124 865 294 943 τυραννεύων
316 869 367 943 τῆς
387 866 520 943 Μιλήτου
541 866 700 944 τυραννίδος
723 868 775 942 μὲν
798 865 927 945 ούδεμιῆς

124 953 311 1034 προσέχρηζε·
333 956 418 1016 αἰτέει
434 954 464 1014 δὲ
480 953 624 1032 Μύρκινον
631 953 683 1030 τήν
698 952 844 1025 Ἠδωνίδα,
857 957 926 1032 βου·

21 1097 26 1104 .
125 1040 244 1119 λύμενος
257 1041 364 1122 ε’ναύτῃ
377 1042 462 1102 πόλιν
475 1042 580 1102 κτίσαι.
622 1039 702 1104 οἶκτος
714 1041 810 1118 ρένδή
823 1042 927 1120 ταύτην

125 1130 254 1206 αἱρέεται·
275 1130 291 1190 ά
305 1129 335 1189 δὲ
351 1131 442 1207 Κώης,
461 1129 507 1190 οἶά
519 1155 550 1190 τε
563 1128 596 1189 ού
608 1129 742 1207 τύραννος
758 1129 886 1208 δημότηςΙ
896 1157 927 1192 τε

125 1216 185 1287 ἐών,
209 1218 294 1278 αἰτέει
320 1218 483 1294 Μυτιλήνης
505 1221 697 1294 τυραννεῦσαι.
738 1219 927 1280 τελεωθέντων

124 1304 154 1362 δὲ
177 1303 373 1382 ἀμφοτέροισι,
396 1303 473 1366 οὗτοι
493 1307 545 1381 μὲν
566 1304 638 1364 κατά
656 1304 692 1366 τά
716 1304 826 1366 εἵλοντο
849 1309 926 1386 ε’τρά-

124 1417 222 1452 ποντο.
855 1406 857 1411 ’

78 1480 115 1538 12
165 1481 286 1556 Δαρεῖον
309 1479 339 1538 δὲ
362 1453 514 1556 συνήνεικε,
535 1485 653 1562 πρῆγμα
672 1481 780 1542 τοιάνδε
800 1482 927 1560 ἰδόμενον

124 1567 297 1644 ἐπιθυμῆσαι
311 1568 488 1628 ἐντείλασθαι
502 1568 672 1659 Μεγαβάζῳ,
689 1572 814 1634 Παίονας
827 1571 927 1632 ἑλόντα

127 1653 326 1718 ἀνασπάστους
335 1659 453 1731 ποιῆσαι
467 1661 497 1716 ἐκ
510 1661 561 1733 τῆς
570 1656 705 1734 Εὐρώπης
718 1661 746 1721 ἐς
754 1657 806 1734 τήν
816 1657 925 1736 Ἀσίην.

126 1741 161 1818 ἦν
182 1743 291 1824 Πίγρης
312 1744 359 1802 καὶ
378 1743 518 1821 Μαντύης,
539 1743 634 1822 ἇνδρες
654 1746 783 1809 Παίονες·
810 1747 845 1816 οἳ,
868 1749 929 1807 ε’πεί

124 1856 156 1890 τε
183 1835 302 1908 Δαρεῖος
325 1831 407 1908 διέβη
428 1836 456 1896 ἒς
475 1832 527 1908 τήν
546 1831 656 1908 Ἀσίην,
677 1833 757 1892 αύτοί
784 1835 927 1899 ἐθέλοντες

125 1917 254 1980 Παιόνων
277 1918 448 1996 τυραννεύειν
476 1919 652 1981 ἀπικνέονται
679 1925 706 1984 ές
733 1921 840 1999 Σάρδις,
867 1920 927 1998 ἅμα

126 2005 258 2087 ἀγάμενοι
277 2006 421 2085 ἀδελφεήν
439 2007 568 2090 μεγάλην
587 2034 618 2068 τε
637 2009 684 2068 καὶ
700 2009 814 2069 εύειδέα·
836 2010 926 2086 φυλά-

124 2095 219 2162 ξαντες
232 2094 263 2154 δὲ
277 2101 397 2173 Δαρεῖον
414 2095 651 2172 προκατιζόμενον
664 2100 692 2158 ἒς
704 2095 737 2156 τδ
756 2097 926 2174 προάστειον

123 2181 157 2242 τδ
176 2187 232 2243 τών
252 2183 358 2253 Λυδῶν,
375 2184 513 2259 ἐποίησαν
532 2184 648 2244 τοιάνδε·
669 2184 857 2248 σκευάσαντες
873 2187 927 2262 τήν

125 2268 268 2347 ἀδελφεήν
286 2269 322 2334 ως
341 2270 417 2350 εἰχον
430 2270 542 2348 ἄριστα,
556 2270 598 2330 ἐπ’
611 2271 683 2348 ύδωρ
702 2272 826 2350 ἔπεμπον
839 2272 927 2354 ἄγγος

124 2357 171 2416 ε’πὶ
183 2362 219 2436 τῇ
233 2362 346 2438 κεφαλῇ
365 2360 487 2438 ἔχουσαν
505 2359 551 2418 καί
564 2364 595 2418 ἐκ
607 2363 658 2419 τοῦ
670 2359 826 2439 βραχίονος
840 2361 927 2422 ἵππον

124 2445 300 2506 ἐπέλκουσαν
318 2446 365 2506 καὶ
384 2446 551 2508 κλώθουσαν
563 2449 653 2508 λίνον·
674 2446 710 2510 ως
723 2445 926 2526 δδπαρεξήῖεή
1000 2499 1003 2506 .

123 2533 202 2614 γυνή,
217 2536 346 2611 ἐπιμελὲς
355 2538 394 2614 τῷ
404 2536 514 2614 Δαρείῳ
524 2536 643 2616 ἐγένετο·
658 2533 721 2596 οὔτε
731 2536 787 2618 γάρ
798 2541 927 2614 Περσικαὶ

123 2620 159 2696 ἦν
178 2621 242 2684 οὔτε
261 2621 351 2682 Λύδια
369 2621 406 2682 τά
425 2622 575 2699 ποιεύμενα
591 2628 621 2682 ἐκ
637 2626 688 2700 τῆς
705 2623 842 2706 γυναικδς,
863 2623 926 2686 ούτε

124 2709 196 2788 πρδς
212 2715 267 2773 τῶν
281 2715 311 2772 έκ
324 2715 375 2789 τῆς
386 2709 486 2788 Ἀσίης
504 2710 642 2789 ούδαμῶν·
663 2714 794 2791 ἐπιμελὲς
807 2711 837 2773 δὲ
850 2712 886 2778 ὥς
899 2717 926 2774 αἱ

124 2800 300 2881 ἰγένετο,τών
308 2798 470 2879 δορυφόρων
477 2799 667 2878 τινάςπέμπει
675 2801 793 2863 κελεύων
801 2801 926 2879 φυλάξαι

124 2886 147 2946 α’
163 2915 191 2950 τι
205 2889 345 2968 χρήσεται
358 2893 397 2969 τῷ
414 2889 489 2969 ἶππιρ
506 2887 525 2965 ή
542 2888 622 2971 γυνή·
644 2893 671 2950 οἱ
686 2892 738 2968 μὲν
755 2889 789 2968 δή
808 2889 927 2954 ὄπισθεν

125 2976 244 3050 εἵποντο,
257 2977 276 3056 ή
292 2977 322 3040 δὲ
335 2978 438 3039 ἐπείτε
451 2977 567 3039 άπίκετο
586 2978 631 3038 έπί
644 2978 694 3040 τδν
706 2979 843 3058 ποταμδν,
854 2980 927 3059 ἦρσε

123 3063 173 3125 τάν
200 3067 295 3128 ἵππον·
325 3065 442 3146 άρσασα
467 3066 497 3128 δὲ
524 3066 570 3126 καὶ
593 3066 626 3128 τά
648 3067 735 3151 ἄγγος
754 3073 806 3130 τοῦ
826 3069 927 3134 ὕδατος

125 3155 337 3236 ἰμτλησαμέιη,
351 3155 403 3234 τήν
419 3154 507 3235 αύτήν
525 3155 592 3218 άδδν
604 3158 737 3236 παρεξήϊε
750 3159 879 3237 φέρουσα
892 3159 925 3218 τὸ

125 3236 195 3318 ὕδωρ
215 3246 260 3304 ἰπὶ
280 3249 330 3322 τῆς
350 3248 477 3322 κεφαλῆς
493 3244 540 3306 καί
559 3246 719 3308 ἐπέλκουσα
736 3251 767 3308 ἐκ
784 3249 836 3308 τοῦ
853 3247 914 3324 βρα
