2280 3432
387 478 738 600 ἨΡΟΔΟΤΟΥ

294 678 555 746 ἹΣΤΟΡΙΩΝ
599 674 832 742 ΕΝΝΑΤΗ.

510 847 609 875 -4-

452 973 673 1028 ΚΑΑΑΙΟΠΗ.

201 1081 436 1144 ΜΑΡΔΟΝΙΟΣ
463 1081 501 1150 δὲ,
525 1079 560 1143 ὥς
587 1081 614 1138 οἱ
641 1076 840 1154 ἀπονοστήσας
864 1077 984 1148 Ἀλέξ-1

161 1167 259 1245 ανδρος
284 1165 321 1227 τό
347 1167 424 1244 παρὰ
442 1167 596 1244 Ἀθηναίων
623 1166 753 1245 ἐσήμηνε,
777 1165 908 1242 ὁρμηθεὶς
930 1170 960 1224 έκ

162 1230 324 1330 Θεσσαλίης
339 1251 391 1333 ἦγε
404 1253 456 1329 τήν
470 1255 605 1331 στρατιῆν
623 1254 733 1332 σπουῆ
752 1253 797 1312 ἐπὶ
814 1251 864 1316 τάς
877 1251 960 1328 'Affl-

161 1364 218 1403 νας·
234 1340 300 1400 ὅκου
314 1341 343 1398 δέ
357 1341 489 1401 ἑκάστοτε
498 1343 611 1423 γίνοιτο,
622 1340 735 1403 τούτους
748 1339 959 1417 παρελάμβανε.

161 1431 237 1487 τοῖσι
259 1429 289 1486 δὲ
309 1429 472 1504 Θεσσαλίης
493 1429 672 1510 ἡγεομένοισι
696 1428 758 1488 οὔτε
779 1426 814 1488 τό
835 1427 890 1505 πρό
911 1433 960 1488 τοῦ

161 1516 342 1597 πεπρηγμένα
375 1517 510 1594 μετέμελε
545 1517 630 1590 οὐδὲν,
657 1519 757 1594 πολλῷ
787 1543 818 1576 τε
847 1519 960 1592 μᾶλλον

162 1606 267 1685 ἒπῆγον
286 1603 335 1664 τόν
356 1605 481 1681 Πέρσην
504 1605 549 1664 καὶ
570 1605 794 1682 συμπροέπεμψέ
811 1629 842 1663 τε
862 1602 960 1680 Θώρηξ

161 1689 177 1751 ό
198 1696 375 1770 Ληρισσαῖος
398 1693 503 1769 Ξέρξεα
530 1692 677 1773 φεύγοντα,
704 1692 748 1750 καὶ
772 1691 835 1752 τότε
859 1696 888 1750 ε’κ
911 1695 960 1751 τοῦ

161 1785 284 1858 φανεροῦ
297 1785 404 1856 παρῆκε
419 1780 579 1854 Μαρδόνιον
593 1780 638 1837 ε’πὶ
651 1779 703 1852 τὴν
712 1778 848 1838 Ἑλλάδα.
881 1779 987 1838 Ἐπεὶ2

161 1866 191 1924 δὲ
209 1867 393 1942 πορευόμενος
412 1866 518 1944 γίνεται
539 1864 555 1923 ό
576 1864 696 1940 στρατός
714 1869 742 1934 ἐν
763 1869 920 1935 Βοιωτοῖσι,
935 1869 962 1925 οἱ

161 1955 285 2029 Θηβαῖοι
313 1950 529 2028 κατελάμβανον
551 1950 600 2010 τόν
624 1949 783 2024 Μαρδόνιον
811 1952 856 2008 καὶ
883 1977 961 2010 συνε-

161 2038 301 2115 βούλευον
315 2037 394 2115 αύτῷ,
409 2037 539 2116 λέγοντες
549 2035 585 2098 ὦς
595 2035 644 2094 ούκ
659 2037 700 2110 εἴη
713 2039 804 2112 χῶρος
818 2036 961 2112 ἐπιτηδευό-

161 2151 240 2200 τερος
264 2123 565 2202 ἐνστρατοπεδεύεσθαι
582 2123 701 2204 ε’κείνου·
739 2121 801 2182 οὐδὲ
823 2124 872 2181 ἔων
894 2124 962 2184 ἰέναι

162 2214 308 2291 ἑκαστέρω,
323 2211 389 2272 ἀλλ’
403 2211 487 2271 αὐτοῦ
502 2210 626 2288 ἱζόμενον
639 2211 742 2270 ποιέειν
756 2209 825 2274 ὅκως
838 2209 962 2290 όμαχητὶ

160 2301 213 2379 τήν
226 2307 322 2362 πάσαν
335 2299 462 2360 Ἑλλάδα
476 2291 711 2378 καταστρέψηται·
733 2308 750 2334 “
759 2299 830 2358 κατὰ
842 2299 961 2381 μὲνγὰρ

160 2390 193 2452 τό
224 2390 341 2471 ἰσχυρόν
368 2388 518 2466 Ἕλληνας
544 2387 775 2465 ὁμοφρονέοντας,
805 2388 884 2465 οἷπερ
916 2389 961 2447 καὶ

160 2480 249 2557 πάρος
266 2478 354 2539 ταύτὰ
372 2479 531 2560 ἐγίνωσκον,
548 2475 661 2556 χαλεπά
680 2475 749 2536 εἶναι
769 2477 960 2557 περιγίνεσθαι

105 2610 108 2615 -
161 2568 207 2624 καὶ
230 2566 321 2626 ἅπασι
348 2566 530 2642 ἀνθρώποισι·
572 2569 597 2623 εἰ
620 2564 649 2623 δὲ
674 2563 803 2640 ποιήσεις
824 2563 860 2624 τό
881 2564 962 2641 ἡμεῖς

160 2653 368 2730 παραινέομεν,”
403 2656 514 2730 ἔφασαν
546 2654 683 2735 λέγοντες,
726 2653 821 2722 “ἕξεις
854 2651 962 2716 οἶπόνως

161 2739 270 2802 ἅπαντα
282 2741 317 2802 τά
336 2743 431 2802 κείνων
448 2741 641 2820 βουλεύματα.
682 2741 775 2819 πέμπε
788 2740 919 2820 χρήματα
932 2744 959 2803 ές

160 2830 225 2893 τούς
238 2830 454 2894 δυναστεύοντας
467 2829 566 2907 ἄνδρας
585 2835 614 2890 ἔν
631 2832 700 2908 τῇσι
712 2829 824 2888 πόλισι·
844 2828 961 2904 πέμπων

161 2916 199 2986 δὲ,
212 2918 264 2992 τήν
275 2917 403 2977 Ἑλλάδα
417 2917 587 2994 διαστήσεις·
611 2919 734 2978 ἐνθεῦτεν
748 2916 777 2974 δὲ
791 2916 855 2978 τούς
870 2914 910 2991 μὴ
923 2913 960 2974 τοὶ

161 3003 201 3063 σοὶ
218 3006 387 3082 φρονέοντας
403 3007 511 3084 ῥηϊδίως
528 3006 600 3082 μετά
616 3009 671 3065 τῶν
687 3003 865 3064 στασιωτέων
878 3026 960 3060 κατα-

160 3091 320 3172 στρέψεαι.”
361 3097 388 3154 οἳ
407 3097 459 3170 μὲν
478 3099 565 3154 ταῦτα
585 3091 800 3169 συνεβούλευον·
828 3087 892 3148 όδέ
910 3089 987 3149 ούκ3

161 3184 294 3254 ε’πείθετο,
314 3181 393 3242 α’λλά
413 3185 440 3242 οἱ
459 3181 546 3245 δεινός
565 3209 608 3246 τις
628 3182 777 3242 ἐνέστακτο
799 3180 892 3257 ἵμερος
910 3175 960 3241 τός

159 3267 280 3348 Ἀθήνας
294 3269 408 3348 δεύτερα
429 3271 525 3328 ἑλέειν·
550 3268 609 3346 ἅμα
626 3270 678 3344 μὲν
692 3266 738 3326 ὕπ’
752 3265 958 3347 ἀγνωμοσύνης,
