2204 3430
145 104 255 170 62—65]
503 109 616 158 σνιτο.
915 108 948 154 ιι

144 189 238 257 τοῦτο,
263 183 279 244 ό
299 210 327 245 τι
348 184 382 261 δή
402 183 446 262 ἦν,
467 185 501 247 τό
526 188 617 247 είλετο
640 189 696 248 τῶν
719 185 869 264 κειμηλίων
891 187 946 246 τῶν

144 271 315 349 Ἀρίστωνος
335 271 363 353 [ό
375 271 519 355 Ἀγητος],
543 275 589 334 καὶ
607 273 689 338 αὐτὸς
708 273 762 350 τήν
782 273 881 350 ὁμοίην
901 273 947 348 ζη-

144 361 215 420 τέων
235 360 373 436 φέρεσθαι
389 359 453 436 παρ’
468 362 579 432 ἐκείνου,
594 363 713 423 ἐνθαῦτα
726 361 760 437 δή
774 365 824 422 τοῦ
838 362 947 438 ἔταίρου

145 445 199 524 τήν
211 451 327 528 γυναῖκα
342 452 470 525 ε’πειρεῖτο
491 447 659 530 άπάγεσθαι·
680 448 740 510 ὅδὲ
752 448 828 525 πλήν
846 447 946 508 τούτου

144 534 251 612 μούνου
263 534 299 594 τά
312 534 390 595 όλλα
404 537 458 612 ἔφη
472 537 641 597 καταινέσαι·
662 535 883 618 ἀναγκαζόμενος
894 535 947 612 μέν

146 647 191 682 τοι
209 626 247 700 τῷ
265 649 296 682 τε
314 621 386 702 ὅρκῳ
406 623 518 699 καὶτῆς
534 623 642 700 άπάτης
653 627 690 703 τῇ
702 627 857 706 παραγωγῇ
870 623 946 682 άπίει

147 709 318 790 ἀπάγεσθαι.
361 709 441 770 Οὕτω
464 713 516 788 μὲν
539 711 573 787 δή
595 705 646 787 τήν
669 713 764 788 τρίτην
789 710 945 792 ἐσηγάγετο
955 712 993 770 63

146 801 265 876 γυναῖκα
283 797 299 856 ὁ
319 796 465 874 Ἀρίστων,
484 799 536 874 τήν
549 798 677 876 δευτέρην
698 797 943 876 ἀποπεμψάμενος·

147 887 177 942 ἔν
193 883 227 942 δέ
245 887 271 943 οἰ
288 884 380 964 χρόνῳ
397 884 542 954 ἐλάσσονι,
560 884 606 944 καί
627 883 660 943 οὔ
681 883 861 961 πληρώσασα
880 882 946 947 τοιίς

147 971 214 1030 δέκα
226 976 316 1048 μῆνας
328 971 346 1048 ή
360 972 429 1054 γυνή
443 972 521 1050 αίντη,
531 973 618 1032 τίκτει
630 974 730 1030 τοῦτον
742 970 776 1045 δή
789 971 838 1030 τόν
848 969 945 1046 Δημά-

145 1083 241 1134 ρητον·
263 1061 312 1118 καί
330 1086 372 1124 τις
393 1064 419 1120 οἱ
439 1063 495 1120 τόν
512 1060 637 1119 οἰκετέων
655 1063 684 1118 ἐν
704 1057 782 1136 θάκιρ
802 1059 944 1136 κατημένῳ
1019 1083 1030 1095 ·

145 1147 285 1220 μετὰτῶν
299 1147 407 1225 ἐφόρων
417 1148 582 1228 ἐξαγγέλλει
596 1145 631 1210 ὥς
645 1148 671 1204 οἱ
684 1148 750 1208 παῖς
757 1145 865 1226 γέγονε·
886 1143 902 1203 ό
916 1143 946 1203 δὲ

148 1233 332 1310 ἐπιστάμενός
344 1260 375 1293 τε
387 1235 436 1295 τόν
449 1233 551 1314 χρόνον
566 1231 741 1314 τῷήγάγετο
759 1231 810 1308 τήν
827 1234 945 1312 γυναῖκα

147 1321 194 1378 καὶ
208 1322 252 1380 ε’πί
267 1321 408 1382 δακτύλων
425 1321 665 1399 συμβαλλόμενος
684 1320 748 1384 τοιίς
767 1323 865 1397 μῆνας,
885 1319 945 1380 εἰπε
999 1369 1004 1380 .

147 1407 304 1486 ἀπομόσας,
322 1421 340 1445 “
349 1409 400 1468 οὐκ
419 1407 453 1469 σίν
474 1409 540 1486 ε’μός
553 1409 619 1486 ε’ίη.”
658 1413 743 1470 τοῦτο
756 1407 880 1485 ἤκουσαν
892 1409 944 1485 μὲν

147 1498 174 1554 οἶ
194 1496 300 1574 ἔφοροι·
314 1501 432 1578 πρῆγμα
445 1498 540 1574 μέντοι
553 1497 631 1558 οὐδὲν
645 1497 814 1573 ε’ποιήσαντο
827 1495 860 1556 τό
874 1522 944 1574 παρ-

147 1584 254 1642 αυτίκα.
304 1583 321 1643 ό
342 1584 372 1644 δὲ
393 1589 458 1648 παῖς
478 1584 585 1661 ηὔξετο,
610 1584 656 1644 καί
682 1589 720 1664 τῷ
740 1584 889 1663 Ἀρίστωνι
909 1583 942 1644 τό

148 1672 290 1748 εἰρημένον
310 1672 455 1750 μετέμελε·
476 1672 563 1732 παῖδα
582 1672 638 1754 γάρ
658 1672 708 1733 τόν
726 1671 897 1750 Δημάρητον
917 1675 945 1732 ἒς

146 1757 183 1817 τά
195 1758 324 1834 μάλιστά
341 1762 367 1818 οἰ
385 1759 498 1838 ε’νόμισε
516 1760 592 1821 εἰναι
637 1760 806 1838 Δημάρητον
824 1759 854 1818 δὲ
871 1751 945 1834 αὐτῷ

147 1845 252 1922 οὕνομα
268 1848 345 1907 ἔθετο
367 1847 412 1906 διοί
432 1848 505 1908 τόδε·
526 1847 661 1925 πρότερον
682 1846 786 1906 τούτων
807 1845 944 1921 πανδημεὶ
993 1897 995 1902 ,

147 1935 322 2010 Σπαρτιῆται
329 1933 486 2012 Ἀρίστωνι,
496 1935 531 1998 οἷς
541 1933 620 2012 α’νδρί
631 1933 816 2009 εὐδοκιμέοντι
823 1931 868 1990 διά
876 1930 944 1991 πάν-

145 2047 201 2080 των
213 2021 247 2096 δή
260 2026 316 2082 τῶν
329 2023 474 2098 βασιλέων
486 2027 541 2083 τῶν
558 2027 587 2082 έν
602 2024 639 2100 τῇ
652 2019 768 2097 Σπάρτη
780 2021 942 2099 γενομένων,

146 2107 218 2186 οἷρήν
237 2110 406 2186 ἐποιήσαντο
421 2111 507 2170 παῖδα
524 2109 665 2191 γενέσθαι·
687 2106 732 2166 διά
751 2109 835 2166 τοῦτο
851 2105 903 2182 μέν
917 2109 943 2164 οἱ

145 2196 179 2256 τό
194 2196 298 2274 οὕνομα
313 2197 480 2276 Δημάρητος
494 2199 582 2272 ε’τέθη.
624 2195 734 2274 Χρόνου
747 2195 776 2253 δὲ
789 2192 942 2272 προϊόντος,
953 2195 990 2253 64

145 2283 283 2361 Ἀρίστων
296 2288 347 2362 μὲν
360 2285 481 2346 ἀπέθανε
491 2284 659 2362 Δημάρητος
673 2283 702 2342 δὲ
716 2284 783 2362 ἔσχε
792 2282 844 2358 τὴν
857 2284 942 2358 βασι-

144 2372 237 2448 ληίην.
260 2373 316 2433 ἔδεε
336 2374 373 2444 δὲ,
390 2373 426 2437 οἷς
444 2375 522 2444 ἔοικε,
537 2371 683 2432 ἀνάπυστα
702 2370 837 2453 γενόμενα
854 2373 943 2430 ταῦτα

145 2466 324 2520 καταπαῦσαι
333 2461 502 2539 Δημάρητον
514 2465 564 2536 τῆς
576 2460 740 2536 βασιληίης,
748 2457 794 2518 διοί
805 2457 841 2518 τοὶ
852 2462 943 2518 Κλεο-

143 2548 221 2624 μένεϊ
238 2549 379 2626 διεβλήθη
397 2549 525 2630 μεγάλως
541 2547 676 2626 πρότερόν
694 2573 725 2606 τε
745 2546 761 2606 ό
776 2545 943 2623 Δημάρητος

143 2634 297 2718 άπαγαγοίν
318 2637 370 2713 τήν
388 2635 523 2714 στρατιήν
545 2635 575 2704 ἐξ
590 2634 761 2705 Ἐλευσῖνος,
776 2635 822 2692 καὶ
841 2633 874 2708 δή
897 2633 943 2691 καί

141 2721 208 2782 τότε
237 2724 278 2783 ἐπ’
305 2726 473 2806 Αἰγινητέων
503 2723 567 2786 τούς
593 2722 765 2798 μηδίσαντας
791 2719 941 2796 διαβάντος

144 2813 329 2889 Κλεομένεος.
370 2812 520 2890 Ὀρμηθείς
537 2810 574 2870 ὧν
591 2809 792 2870 οἷποτίννυσθαι
812 2807 828 2867 ό
852 2812 940 2866 Κλεο-
951 2807 989 2864 65

142 2897 235 2974 μένης,
251 2902 411 2961 συντίθεται
420 2899 575 2978 Λευτυχίδῃ
588 2901 626 2975 τῷ
634 2894 777 2972 Μενάρεος
787 2893 950 2972 τοῦἈγιος,

144 2985 217 3046 ἐόντι
231 2990 318 3064 οἰκίης
330 2994 380 3063 τῆς
393 2987 483 3065 αὐτῆς,
492 2983 658 3062 Δημαρήτῳ,
670 2981 711 3041 ἐπ’
725 2979 746 3059 ᾧ
758 3007 797 3051 τε,
811 2979 845 3053 ἢν
859 2976 942 3035 αὐτόν

143 3075 311 3154 καταστήσῃ
327 3074 454 3150 βασιλέα
472 3072 533 3133 α’ντί
549 3069 727 3147 Δημαρήτου,
743 3066 840 3143 ἕψεταί
854 3065 881 3119 οἱ
900 3061 941 3118 ἐπ’

143 3163 304 3245 Αἰγινήτας.
345 3160 361 3220 ό
380 3159 410 3220 δὲ
426 3158 595 3238 Λειπυχίδης
614 3154 650 3228 ἦν
671 3152 770 3230 ἐχθρὸς
790 3153 827 3226 τῷ
845 3152 941 3248 Δῃμα·

142 3253 218 3330 ρήτῳ
236 3249 365 3325 μάλιστα
383 3245 503 3326 γεγονοίς
520 3243 566 3304 διὰ
582 3249 700 3320 πρῆγμα
720 3233 836 3296 τοιόνδε·
858 3255 941 3307 ορμο-
