2204 3430
164 99 196 148 28
473 97 655 148 ἨΡΟΔΟΤΟΤ
921 91 972 158 [V.

163 175 322 252 ἀπήλλαξε·
345 176 391 236 καὶ
413 173 599 254 Ἀγχιμολίου
625 174 680 234 εἶσὶ
699 174 789 250 ταφαὶ
807 176 858 249 τῆς
877 172 973 235 Ἀττι·

164 269 213 340 κῆς
239 262 426 341 Ἀλωπεκῆσι,
461 260 551 343 ἀγχοῦ
576 263 626 322 τοῦ
652 261 825 340 Ἡρακληίου
853 266 903 322 τοῦ
942 269 975 326 ἐν

116 354 154 412 64
164 351 352 434 Κυνοσάργεϊ.
394 348 475 409 Μετοὶ
502 350 539 421 δὲ,
561 350 776 428 Λακεδαιμόνιοι
803 351 877 427 μέζω
898 352 973 412 στό-

163 444 215 500 λον
228 440 390 502 στείλαντες
403 437 572 516 ἀπέπεμψαν
581 439 627 497 ἐπὶ
640 438 689 502 τάς
703 437 831 514 Ἀθήνας,
847 465 973 516 στρατη-

161 527 214 608 γόν
233 532 284 603 τῆς
303 529 438 605 στρατιῆς
456 523 638 596 ἀποδέξαντες
658 527 786 603 βασιλέα
804 527 973 603 Κλεομένεα

162 615 211 676 τόν
223 614 447 692 Ἀναξανδρίδεω,
458 613 549 674 οὐκέτι
561 614 631 674 κατά
644 613 797 675 θάλασσαν
809 615 973 680 στείλαντες

162 703 238 764 α’λλά
249 703 308 764 κατ’
322 703 446 780 ἤπειρον.
467 707 543 762 τοῖσι
557 703 587 762 δὲ
602 704 765 779 ἐσβαλοῦσι
775 707 802 766 ές
815 702 866 778 τῆν
880 703 971 764 Ἀττι-

163 793 214 868 κῆν
226 794 319 872 χώρην
329 791 348 868 ῆ
360 796 415 854 τών
430 795 588 852 Θεσσαλῶν
603 791 687 855 ἵππος
697 794 794 870 πρώτη
803 793 969 870 προσέμιξε,

163 882 209 940 καὶ
222 881 254 941 οὐ
266 881 338 958 μετά
350 881 425 941 πολι)
440 878 584 958 ἐτράπετο·
609 880 657 939 καί
669 887 765 956 σφεων
782 884 883 940 ἔπεσον
897 881 969 958 ὑπὲρ

161 971 368 1048 τεσσεράκοντα
384 969 492 1048 ἄνδρας,
507 973 534 1030 οἱ
548 969 577 1029 δέ
590 970 798 1050 περιγενόμενοι
814 968 968 1030 α’παλλάσ-

161 1084 246 1120 σοντο
260 1059 295 1123 ώς
309 1059 386 1139 εἶχον
400 1058 459 1123 zebe
474 1050 519 1118 ἐπὶ
537 1058 711 1133 Θεσσαλίης.
753 1058 916 1135 Κλεομένης
938 1059 969 1118 δέ

160 1145 327 1225 α’πικόμενος
344 1151 371 1210 ἐς
386 1147 419 1207 τό
433 1145 506 1206 ἄστυ
523 1146 582 1223 ἅμα
595 1144 748 1221 Ἀθηναίων
763 1149 839 1205 τοῖσι
860 1147 967 1222 βουλο-

159 1235 271 1312 μένοισι
285 1235 354 1294 εἶναι
368 1235 548 1310 ἐλευθέροισι,
564 1232 725 1311 ἐπολιόρκεε
741 1233 805 1298 τούς
817 1233 967 1311 τυράννους

116 1324 153 1381 65
163 1321 353 1402 ἀπεργμένους
372 1326 401 1381 ἐν
417 1325 455 1399 τῷ
475 1325 647 1402 Πελασγικῷ
660 1321 783 1403 [τείχεϊ].’
814 1322 872 1382 Καὶ
888 1322 966 1383 οὐδέν

159 1434 187 1468 τι
201 1407 310 1471 πάντως
328 1405 362 1467 ἂν
382 1408 489 1478 ἐξεῖλον
508 1408 572 1471 τούς
586 1411 822 1487 Πεισιστρατίδας
836 1413 863 1470 οἱ
876 1417 966 1472 Λακε-

161 1496 306 1573 δαιμόνιοι·
322 1497 385 1556 οὔτε
397 1496 452 1578 γάρ
466 1497 583 1575 ἐπέδρην
598 1497 724 1558 ἐπενόεον
737 1497 921 1574 ποιήσασθαι,
936 1501 967 1560 οἵ

159 1611 191 1645 τε
205 1585 439 1662 Πεισιστρατιδαι
458 1586 565 1647 σίτοισι
580 1587 626 1644 καὶ
639 1589 753 1646 ποτοῖσι
767 1585 797 1646 εὖ
810 1613 963 1663 παρεσκευ-

160 1673 255 1734 άδατο·
278 1673 521 1752 πολιορκήσαντές
533 1701 564 1734 τε
578 1672 612 1734 ἂν
625 1673 728 1752 ἡμέρας
747 1673 852 1756 ὀλίγας,
873 1674 963 1735 άπαλ-

160 1761 306 1822 λάσσοντο
328 1767 355 1826 ἐς
375 1762 426 1839 τῆν
450 1762 592 1840 Σπάρτην·
618 1765 667 1822 νῦν
684 1762 712 1821 δέ
732 1764 866 1841 συντυχίη
886 1767 963 1824 τοῖσι

159 1851 211 1927 μέν
221 1851 291 1927 κακῆ
303 1851 455 1933 ἐπεγένετο,
467 1855 543 1912 τοῖσι
558 1851 586 1910 δὲ
599 1849 619 1927 ῆ
634 1849 703 1926 αὐτῆ
718 1850 788 1926 αὕτη
799 1851 960 1931 σύμμαχος·

158 1938 366 2018 ὑπεκτιθέμενοι
389 1941 444 2023 γάρ
468 1940 518 2010 ἔξω
541 1943 591 2016 τῆς
613 1939 705 2018 χώρης
732 1941 759 1998 οἱ
785 1939 881 2002 παῖδες
908 1945 962 2001 τῶν

160 2029 415 2108 Πεισιστρατιδέων
445 2028 571 2105 ἥλωσαν·
611 2031 695 2087 τοῦτο
723 2026 752 2086 δὲ
780 2027 816 2090 ώς
844 2026 960 2108 ἐγένετο,

159 2115 250 2176 πάντα
274 2116 362 2177 αὐτῶν
382 2116 418 2177 ποῖ
441 2115 594 2197 πρήγματα
621 2114 848 2191 συνετετάρακτο·
877 2117 961 2194 παρέ-

159 2229 271 2279 στησαν
279 2204 309 2262 δέ
319 2205 365 2263 ἐπὶ
372 2205 466 2282 μισθῷ
474 2203 680 2263 τοῖσιτέκνοισι
689 2201 731 2262 ἐπ’
740 2203 798 2263 οἶσι
807 2203 960 2279 ἐβούλοντο
1014 2243 1017 2250 ·

159 2294 185 2350 οἱ
202 2291 355 2368 Ἀθηναῖοι,
371 2290 444 2352 ὥστε
465 2295 493 2351 ἐν
514 2289 596 2350 πέντε
616 2290 738 2370 ἡμέρῃσι
756 2296 914 2370 ἐκχωρῆσαι
932 2298 960 2354 ἐκ

158 2383 209 2454 τῆς
219 2378 359 2454 Ἀττικῆς·
376 2379 448 2456 μετά
462 2379 499 2449 δέ,
515 2377 691 2457 ἐξεχώρησαν
705 2385 732 2444 ἐς
744 2381 853 2460 Σίγειον
867 2380 900 2443 τό
915 2383 960 2442 ἐπὶ

157 2471 196 2546 τῷ
212 2466 392 2546 Σκαμάνδρῳ·
413 2467 544 2544 ἄρξαντες
559 2470 610 2544 μὲν
625 2466 779 2544 Ἀθηναίων
797 2467 838 2528 ἐπ’
852 2471 913 2528 έτεα
932 2471 962 2540 ἐξ

108 2609 112 2618 .
158 2581 189 2615 τε
218 2557 263 2615 καὶ
289 2553 446 2633 τριήκοντα,
475 2554 564 2620 ἐόντες
590 2555 619 2616 δέ
647 2556 693 2616 καὶ
721 2555 798 2616 οὗτοι
828 2555 960 2620 ἀνέκαθεν

159 2642 266 2702 Πύλιοί
283 2669 314 2704 τε
334 2643 380 2703 καὶ
403 2644 549 2720 Νηλεῖδαι,
573 2649 603 2704 ἐκ
624 2648 680 2705 τῶν
703 2644 793 2707 αὐτῶν
814 2644 959 2726 γεγονότες

159 2733 205 2792 καὶ
225 2735 251 2792 οἱ
271 2732 347 2810 ἀμφὶ
364 2731 474 2811 Κόδρον
494 2759 526 2794 τε
540 2734 586 2794 καὶ
602 2732 762 2806 Μέλανθον,
778 2733 805 2794 οῗ
822 2733 957 2813 πρότερον

159 2819 292 2896 ἐπήλυδες
306 2820 403 2893 ἐόντες,
418 2822 545 2904 ἐγένοντο
567 2821 712 2896 Αθηναίων
726 2821 874 2896 βασιλέες.
914 2824 959 2884 ἐπὶ

158 2908 257 2970 τούτου
277 2910 306 2970 δὲ
323 2911 369 2970 καὶ
386 2910 474 2971 τώυτδ
492 2909 598 2986 οὔνομα
618 2907 848 2985 ἀπεμνημόνευσε
865 2909 959 2971 Ἰππο·

159 2997 259 3076 κράτης
280 3004 318 3080 τῷ
336 3000 413 3059 παιδὶ
428 2999 537 3066 θέσθαι,
550 2996 600 3056 τόν
615 2996 833 3074 Πεισίστρατον,
851 2996 898 3056 ἐπὶ
910 3002 957 3060 τοΐ

158 3085 302 3166 Νέστορος
321 3085 532 3162 Πεισιστράτου
549 3082 709 3159 ποιεόμενος
725 3083 777 3159 τῆν
795 3087 958 3163 ἐπωνυμίην.

159 3173 228 3236 οὕτω
247 3179 299 3253 μέν
317 3176 463 3252 Ἀθηναῖοι
480 3169 618 3248 τυράννων
637 3168 879 3250 ἀπαλλάχθησαν·
905 3173 958 3236 ὅσα

160 3261 189 3319 δὲ
202 3263 429 3340 ἐλευθερωθέντες
448 3258 529 3336 έρξαν
545 3256 563 3330 ἢ
580 3257 683 3317 ἔπαθον
701 3255 834 3335 άξιόχρεα
851 3259 958 3338 α’πηγή-
