2280 3432
161 74 209 122 ιιι
464 69 645 120 Ἤτοιιουου
891 69 955 135 [m.

161 152 400 228 τοπεδευομένους,
414 152 587 230 φρασθέντες
606 151 636 210 δέ
653 153 737 212 τοῦτο
750 152 957 212 ἀντετάσσοντο

114 243 153 301 20
163 241 207 300 ἐπὶ
225 244 275 317 τῆς
288 240 422 317 ὕπωρείης
445 244 494 298 τοῦ
518 240 699 316 Κιθαιρῶνος.
740 238 899 315 Μαρδόνιος
918 239 957 310 δὲ,

162 328 197 393 ὦς
211 329 243 389 οὐ
253 329 419 403 κατέβαινον
430 331 456 386 οἱ
463 326 602 403 Ἕλληνες
616 332 643 390 ἐς
655 326 689 386 τὸ
699 326 801 398 πεδίον,
812 327 916 403 πέμπει
930 332 958 391 ἐς

162 416 261 480 αὐτοῦς
279 422 375 476 πᾶσαν
392 416 444 492 τήν
464 417 556 486 ἵππον,
570 421 620 492 τῆς
637 415 772 494 ἱππάρχεε
786 417 957 486 Μασίστιος,

163 504 325 582 εὐδοκιμέων
337 503 414 581 παραὶ
424 505 564 583 Πέρσῃσι,
577 504 637 585 (τόν
645 503 785 578 Ἕλληνες
798 504 959 564 Μακίστιον

162 593 316 674 καλέουσι)
338 592 424 651 ἵππον
444 594 513 670 ἔχων
540 596 671 661 Νισαῖον,
694 591 903 670 χρυσοχάλινόν
926 619 959 652 τε

162 681 208 740 καὶ
227 680 320 744 ἄλλως
339 682 547 758 κεκοσμημένον
566 684 667 743 καλῶς·
688 680 804 739 ἐνθαῦτα
817 678 853 742 ὥς
869 706 957 756 προσ-

161 767 274 844 ήλασαν
290 773 316 829 οἱ
335 767 452 829 ἱππόται
466 769 536 846 πρὸς
553 768 776 843 τούςἜλληνας,
793 769 957 845 προσέβαλ-

161 860 214 916 λον
230 857 300 916 κατά
319 857 412 916 τέλεα·
439 853 675 934 προσβάλλοντες
695 856 725 914 δὲ
749 853 820 914 κακαί
845 856 959 936 μεγάλα

115 945 151 1002 21
162 944 318 1025 ἐργάζοντο,
340 945 385 1004 καὶ
404 945 536 1026 γυναῖκάς
556 950 647 1021 σφεας
670 943 832 1003 ἀπεκάλεον.
876 943 960 1004 Κατυῖ

162 1034 313 1112 συντυχίην
329 1034 358 1093 δέ
376 1035 519 1114 Μεγαρέες
539 1034 635 1110 ἔτυχον
653 1033 801 1111 ταχθέντες
818 1028 838 1110 ᾗ
853 1030 886 1090 τά
900 1035 959 1091 ἐπι-

160 1121 325 1201 μαχώτατον
344 1119 380 1197 ἧν
405 1125 455 1180 τοῦ
480 1123 582 1200 χωρίου
607 1119 718 1182 παντός’
749 1118 796 1178 καὶ
818 1118 960 1195 πρόσοδος

160 1207 288 1284 μάλιστα
303 1208 390 1288 ταύτῃ
410 1209 514 1290 ἐγίνετο
526 1213 562 1287 τῇ
577 1209 660 1287 ίππιρ·
682 1206 908 1284 προσβολοόσης
922 1207 960 1269 ὧν

160 1299 211 1372 τῆς
225 1297 319 1368 ἵππου,
333 1300 360 1356 οἱ
374 1298 516 1378 Μεγαρέες
528 1296 685 1374 πιεζόμενοι
699 1296 822 1371 ἔπεμπον
835 1294 881 1352 ἐπὶ
893 1295 961 1360 τούς
1019 1291 1022 1296 ’

162 1384 337 1466 στρατηγοῦς
351 1389 406 1444 τῶν
423 1384 566 1461 Ἑλλήνων
582 1384 696 1462 κήρυκα·
717 1382 883 1460 ἀπικόμενος
899 1384 960 1444 δέὅ

165 1471 252 1548 κήρυξ
263 1473 333 1549 πρὸς
350 1471 449 1534 αὐτοῦς
463 1473 541 1553 ἔλεγε
553 1473 628 1534 τάδε·
649 1483 667 1508 “
676 1472 817 1552 Μεγαρέες
830 1472 959 1552 λέγουσι·

141 1605 145 1612 .
161 1558 249 1634 ἡμεῖς,
263 1559 359 1636 ἄνδρες
379 1559 533 1638 σύμμαχοι,
548 1560 581 1620 οὐ
601 1561 714 1620 δυνατοί
732 1564 806 1636 εἰμεν
817 1559 869 1635 τὴν
886 1565 959 1638 Περ·

162 1647 234 1706 σέων
251 1648 337 1708 ἵππον
353 1646 482 1707 δέκεσθαι
499 1653 605 1725 μοῦνοι,
620 1649 728 1728 ἔχοντες
741 1647 844 1708 στάσιν
855 1648 960 1725 ταύτην

163 1738 190 1796 ἐς
206 1733 258 1810 τήν
276 1735 395 1812 ἔστημεν
413 1733 512 1814 άρχήν·
533 1733 669 1796 ἀλλὰκαὶ
683 1743 710 1801 ἐς
722 1737 785 1797 τόδε
798 1737 916 1816 λιπαρίῃ
928 1763 960 1797 τε

163 1821 208 1880 καὶ
226 1821 313 1902 α’ρετῇ
331 1821 490 1903 οἷντέχομεν,
505 1824 603 1900 καίπερ
617 1823 797 1901 πιεζεύμενοι·
818 1827 867 1884 νῦν
880 1849 918 1896 τε,
936 1827 960 1884 εί

162 1909 202 1986 μή
215 1936 290 1975 τινας
303 1909 408 1975 ἄλλους
421 1911 544 1990 πέμψετε
557 1912 702 1992 διαδόχους
714 1915 764 1989 τῆς
776 1911 878 1982 τάξιος,
896 1912 959 1972 ἰ’στε

162 1998 249 2075 ἡμέας
264 2002 442 2080 ἐκλείψοντας
459 2000 511 2077 τήν
526 2000 629 2071 τάξιν.”
650 2000 666 2062 ό
682 2003 733 2078 μὲν
750 1998 785 2074 δή
802 2007 858 2076 σφι
871 2004 959 2060 ταῦτα

163 2087 326 2171 ἀπήγγειλε·
347 2090 511 2164 Παυσανίης
523 2088 553 2148 δέ
565 2087 735 2166 ἀπεπειρᾶτο
743 2088 958 2165 τῶνἙλλήνων,

166 2177 192 2234 εί
209 2204 280 2241 τινες
300 2178 422 2238 ἐθέλοιεν
442 2176 527 2236 ἄλλοι
548 2177 692 2238 ἐθελονταὶ
713 2177 780 2236 ίέναι
806 2202 837 2236 τε
860 2181 887 2239 ἐς
909 2175 960 2237 τόν

165 2269 257 2343 χῶρον
271 2268 379 2334 τοῦτον,
398 2266 444 2322 καὶ
461 2264 622 2326 τάσσεσθαι
640 2265 765 2344 διάδοχοι
784 2269 958 2345 Μεγαρεῦσι·

164 2350 196 2410 οὗ
207 2351 389 2428 βουλομένων
402 2351 432 2410 δὲ
445 2355 499 2412 τῶν
512 2351 616 2422 άλλων,
628 2351 772 2429 Ἀθηναῖοι
784 2351 959 2423 ὖπεδέξαντο,

163 2438 208 2498 καὶ
226 2437 378 2514 Ἀθηναίων
397 2441 424 2497 οἱ
441 2439 597 2517 τριηκόσιοι
613 2439 731 2522 λογάδες
750 2444 805 2500 τῶν
825 2439 960 2521 ἐλοχήγεε

116 2525 390 2603 22Ὀλυμπιόδωρος
416 2526 432 2587 ὁ
458 2528 623 2606 Λάμπωνος.
666 2526 752 2588 Οὗτοι
777 2523 906 2604 ἧσανθοῖ
928 2553 960 2587 τε

163 2611 367 2691 θποδεξάμενοι,
385 2615 431 2674 καὶ
445 2619 471 2676 οἱ
484 2616 540 2694 πρά
554 2619 609 2676 τῶν
622 2615 717 2676 ἄλλων
730 2620 785 2677 τῶν
802 2613 958 2693 παρεόντων

162 2700 306 2779 Ἑλλήνων
320 2706 346 2766 ἐς
355 2701 492 2782 Ἐρυθράς
504 2705 660 2784 ταχθέντες,
673 2703 737 2767 τούς
746 2701 862 2773 τοξότας
871 2727 960 2780 προσ-

163 2789 300 2867 ελόμενοι·
327 2793 492 2872 μαχομένων
512 2793 544 2852 δέ
562 2797 659 2868 σφεων
679 2793 725 2852 ἐπὶ
745 2792 856 2872 χρόνον,
878 2790 962 2854 τέλος

162 2877 269 2939 τοιόνδε
295 2880 403 2961 ἐγένετο
429 2884 480 2955 τῆς
505 2879 607 2958 μάχης·
638 2879 884 2956 προσβαλλούσης
910 2881 961 2954 τῆς

164 2965 250 3026 ἵππου
264 2966 333 3026 κατά
344 2968 434 3038 τέλεα,
450 2967 466 3025 ὁ
481 2966 645 3026 Μασιστίου
658 2967 784 3046 προέχων
796 2971 852 3026 τῶν
864 2965 961 3026 ἄλλων

164 3051 248 3115 ἵππος
264 3054 407 3129 βάλλεται
424 3052 573 3128 τοξεύματι
588 3051 623 3110 τά
640 3053 757 3130 πλευρά·
778 3051 908 3132 ἀλγήσας
921 3052 960 3123 δέ,

165 3137 279 3198 ἵσταταί
299 3165 330 3199 τε
353 3139 436 3216 ὀρθός
459 3141 505 3198 καὶ
526 3138 688 3200 άποσείεται
710 3139 760 3200 τόν
786 3141 960 3202 Μασίστιον·

165 3223 281 3283 πεσόντι
296 3225 326 3283 δέ
346 3224 419 3302 αὐτῷ
437 3228 464 3284 οἱ
481 3224 624 3300 Ἀθηναῖοι
637 3225 735 3284 αὐτίκα
748 3226 889 3285 ἐπεκέατο·
910 3225 962 3286 τόν
