2204 3430
144 77 181 148 18,Ι
455 79 636 131 ἨΡΟΔΟΤΟΤ
897 79 943 145 [V.

144 164 240 225 ναῖκας
258 161 327 240 έχων
342 159 392 220 δύο
408 159 486 229 διξὰς
503 159 594 222 ἱστίας
610 158 689 231 οίκεε,
703 158 804 219 ποιέων
820 158 947 239 αύδαμιῦς

97 251 133 309 41
146 247 345 325 Σπαρτιητικά.
382 247 492 325 Χρόνου
513 247 543 306 δὲ
564 245 596 306 ού
613 250 726 306 πολλοῦ
745 246 946 326 διελθόντος,ἤ

145 336 297 413 ἐσύστερον
314 336 476 396 ἐπελθοῦσα
488 334 558 417 γυιή
570 335 656 395 τίκτει
668 334 719 396 τδν
732 333 766 410 δή
781 338 946 414 Κλεομένεα

144 426 253 483 τοῦτον·
279 423 325 482 καὶ
342 422 411 499 αὕτη
427 450 458 483 τε
474 422 591 500 ἔφεδρον
606 423 734 498 βασιλέα
751 423 943 504 Σπαρτιήτῃσι

145 509 291 586 α’πέφαινε,
310 511 356 570 καὶ
372 510 391 586 ηι
407 511 530 588 προτέρη
547 509 617 591 γυνή
630 509 680 570 τᾶν
692 509 829 588 πρότερον
841 513 946 592 χρόνον

143 596 243 662 ι’ίτοκος
269 601 356 658 ἐοῦσα
381 597 446 659 τότε
473 602 526 662 κῶς
555 597 666 674 ἐκύησε,
694 599 830 678 συντυχίη
855 600 945 680 ταύτῃ

143 687 318 765 χρησαμένη.
339 687 461 766 έχουσαν
482 687 512 746 δέ
532 685 619 762 αύιήν
638 685 741 762 α’ληθέῖ
755 686 833 767 λόγῳ
851 690 878 747 οἶ
893 693 945 764 τῆς

144 773 319 850 ἐπελθούσης
334 773 462 855 γυναικὸς
478 772 578 850 οἰκήῖοι
595 773 747 850 πυθόμενοι
761 772 875 854 ὤχλεον,
889 775 944 852 φύ-

142 887 221 938 μενοι
234 861 320 938 αύτήν
334 862 464 940 κομπέειν
477 860 571 924 ἄλλως
583 861 762 938 βουλομένην
778 861 944 939 ῦποβαλέσ-

126 949 199 1009 θαι·
221 951 295 1012 δεινᾶ
314 950 344 1010 δὲ
361 949 510 1011 ποιεύντων
528 947 625 1023 αύτιῦν,
639 952 689 1008 τοῦ
704 948 808 1028 χρόνου
821 951 938 1027 συντάμ-

144 1063 247 1110 νοντος,
258 1039 303 1099 ὕπ’
314 1037 446 1114 α’πιστίης
459 1041 486 1097 οἱ
499 1037 598 1114 ἔφοροι
606 1037 757 1097 τίκτουσαν
765 1036 817 1113 τὴν
826 1042 943 1118 γυναῖκα

143 1127 328 1204 περιῖζόμενοι
347 1125 499 1201 ἐφύλαξαν·
519 1124 539 1200 ἦ
555 1125 585 1183 δέ
599 1123 634 1187 ὥς
647 1125 721 1184 ἔτεκε
738 1125 847 1202 Δωριέα
867 1127 944 1190 ἰθέως

143 1213 219 1290 ’ίσχει
232 1213 380 1288 Λεωνίδην,
395 1213 441 1270 καὶ
453 1209 525 1288 μετοὶ
537 1215 638 1272 τοῦτον
651 1212 728 1276 ἰθέως
740 1214 817 1292 ἴσχει
831 1213 951 1290 Κλεόμ·“

142 1300 257 1375 βροτον·
286 1303 313 1358 οἱ
334 1299 428 1358 δὲκαὶ
449 1298 578 1375 διδύμους
597 1300 716 1380 λέγουσι
737 1301 944 1378 Κλεόμβροτόν

142 1411 174 1445 τε
192 1387 239 1445 καὶ
254 1386 393 1461 Λεωνίδην
405 1386 547 1467 γενέσθαι·
567 1385 587 1462 ή
601 1386 631 1445 δὲ
644 1387 807 1464 Κλεομένεα
822 1393 944 1450 τεκοῦσα

146 1472 243 1532 καὶτὰ
265 1472 391 1550 δεύτερον
413 1473 573 1534 ἐπελθοῦσα
598 1473 677 1555 γυνή,
706 1479 792 1534 ἐοῦσα
819 1476 943 1557 θυγάτηρ

143 1559 322 1638 Πριιητιίδεω
341 1564 392 1622 τοῦ
406 1561 707 1640 Δημαρμένου,,αύκέτι
727 1563 815 1624 ἔτικτε
832 1564 866 1625 τῦ
886 1565 943 1626 δεύ-

143 1673 233 1725 τερον.
548 1641 551 1652 ’
765 1641 785 1652 ”

94 1738 133 1794 42
183 1735 217 1795 ‘0
236 1737 288 1814 μὲν
305 1736 340 1813 δή
354 1736 527 1814 Κλεομένης,
541 1738 577 1802 αἷς
589 1739 710 1819 λέγεται,
725 1737 760 1815 ἧν
772 1765 804 1800 τε
815 1739 847 1800 ού
861 1746 943 1819 φρεν-

142 1822 211 1900 ήρης
238 1822 396 1903 ἀκρομανής
415 1851 454 1895 τε,
475 1824 492 1885 οι
513 1825 543 1884 δὲ
563 1824 684 1904 Δωριεύς
706 1825 741 1902 ἦν
767 1831 823 1888 τῶν
839 1827 944 1904 ἡλίκων

142 1911 252 1973 πάντων
271 1918 390 1990 πρῶτος·
417 1911 447 1987 εὖ
467 1939 499 1974 τε
519 1915 654 1975 ἐπίστατο
676 1915 735 1974 κατ’
756 1914 944 1996 ἀνδραγαθίην

142 1999 227 2066 αῦτδς
246 2001 364 2081 σχήσων
383 2001 436 2078 τήν
455 2003 623 2079 βασιληίην·
645 2001 717 2062 ὥστε
734 2001 771 2062 ὧν
789 2001 860 2062 οὕτω
875 2010 942 2081 φρο-

143 2090 218 2158 νέων,
233 2090 326 2165 ἐπειδή
340 2089 356 2150 ὅ
369 2115 401 2150 τε
413 2089 626 2166 Ἀναξανδρίδης
643 2089 765 2149 ἀπέθανε
784 2090 830 2148 καὶ
847 2093 874 2149 οἱ
887 2098 943 2150 Λα-

143 2175 309 2251 κεδαιμόνιοι
327 2175 479 2254 χρεώμενοι
496 2180 535 2253 τῷ
553 2176 628 2254 νόμῳ
646 2175 804 2249 ἐστήσαντο
817 2178 945 2250 βασιλέα

141 2261 191 2321 τὸν
211 2262 410 2340 πρεσβύτατον
433 2263 605 2338 Κλεομένεα,
627 2261 643 2321 ὁ
664 2260 786 2336 Δωριεύς
806 2261 895 2321 δεινόν
914 2290 945 2323 τε

142 2349 304 2426 ποιεύμενος
317 2349 363 2408 καὶ
377 2347 426 2408 οῦκ
440 2347 523 2420 α’ξιιῦν
540 2348 596 2409 ύπὸ
615 2347 791 2423 Κλεομένεος
808 2348 944 2421 βασιλεύ-

143 2437 233 2507 εσθαι,
254 2436 373 2513 αἰτήσας
392 2435 464 2497 λαὸν
487 2435 665 2514 Σπαρτιήτας
685 2432 736 2516 ἄγε
757 2439 785 2497 ἐς
805 2433 944 2515 ἀποικίην,

143 2521 206 2584 ούτε
231 2527 270 2605 τῷ
296 2529 325 2586 ἐν
354 2528 500 2601 Δελφοῖσι
525 2525 687 2605 χρηστηρίῳ
712 2521 892 2602 χρησάμενος
918 2529 945 2589 ἐς

142 2609 239 2688 ἥντινα
266 2616 321 2696 γῆν
348 2613 450 2674 κτίσων
478 2614 514 2693 ίη,
543 2612 606 2674 ούτε
635 2610 757 2688 ποιήσας
786 2609 866 2671 οὐδὲν
891 2616 945 2674 τῶν

142 2701 337 2778 νομιζομένων,
359 2701 405 2761 οἶα
428 2700 458 2760 δὲ
480 2703 590 2780 βαρέως
617 2704 710 2778 φέρων
736 2699 813 2760 α’πίει
840 2703 869 2764 ἐς
893 2700 944 2778 τήν

142 2789 255 2866 Λιβύην
271 2790 308 2851 τὰ
320 2793 418 2850 πλοῖα·
440 2792 608 2872 κατηγέοντο
622 2790 654 2850 δέ
666 2793 692 2850 οἱ
708 2788 805 2868 ἅνδρες
817 2793 943 2867 Θηραῖοι.

143 2875 310 2956 ἀπικόμενος
330 2876 353 2937 δ’
375 2883 402 2942 ές
423 2879 542 2951 Κίνυπα,
564 2879 654 2939 οἴκισε
674 2882 766 2958 χῶρον
788 2877 944 2939 καίλλιστον

142 2970 197 3027 τῶν
213 2966 329 3044 Λιβύων
347 2966 423 3045 παρὰ
441 2968 578 3046 ποταμόν·
601 2968 762 3038 ἐξελασθεὶς
775 2968 805 3028 δὲ
821 2966 944 3026 ε’νθεῦτεν

143 3057 225 3137 τρίτῳ
246 3058 299 3118 ἔτεϊ
318 3055 373 3118 ῦπό
394 3057 513 3119 Μακέων
530 3084 561 3118 τε
579 3057 626 3117 καὶ
641 3058 756 3135 Λιβύων
770 3057 815 3116 καὶ
830 3059 942 3131 Καρχη-

97 3140 249 3219 43δονίων,
263 3146 377 3208 ἀπίκετο
396 3152 423 3211 ἐς
441 3147 673 3226 Πελοπόνιησαν.
714 3146 853 3208 Ἑνθαῦτα
870 3140 904 3214 δέ,
918 3141 943 3200 οἶ

145 3224 317 3315 Ἀντιχάρης,
337 3234 408 3316 ιίιήρ
434 3233 580 3302 Ἐλεώνιος
606 3234 817 3315 συνεβούλευσε
839 3232 871 3289 ἔκ
890 3229 943 3288 τῶν

17 3293 83 3362 k
