2280 3432
182 120 255 184 Η]
486 111 675 164 Κικιιοαα.
935 120 983 167 τοι

181 199 297 266 ἐποίεον,
320 195 336 255 ὁ
354 193 385 254 δέ
404 192 487 254 ε’πιιδν
508 192 555 251 καὶ
575 191 609 268 δὴ
629 195 658 252 ἐν
677 195 713 272 τῇ
732 193 983 275 Βοιωτίηέλέγεπο

181 285 258 354 εἶναι,
277 282 347 342 οῦτω
369 282 403 357 δὴ
422 279 662 357 ῦπεξεκομίσαντό
680 306 712 340 τε
728 279 820 340 πόντοι
839 281 884 340 καῖ
903 281 982 342 αὐτοὶ

180 373 318 448 διέβησαν
332 375 360 434 ἐς
378 371 535 445 Σαλαμῖνα·
558 373 585 432 ές
598 367 793 445 Λακεδαίμονά
808 393 840 428 τε
858 370 981 447 ἔπεμπον

179 459 326 540 ἀγγέλους,
341 458 400 535 ἅμα
415 459 467 534 μὲν
482 458 678 535 μεμψομένους
694 461 771 517 τοῖσι
783 457 981 533 Λακεδαιμονί-

179 571 237 606 οισι
257 546 300 607 ὅτι
318 545 456 623 περιεῖδον
473 543 637 621 ἐμβαλόντα
652 545 701 605 τὸν
714 544 865 622 βάρβαρον
886 550 913 609 ἐς
928 545 980 622 την

178 630 315 708 Ἀττικὴν,
345 632 410 692 ἀλλ’
439 631 471 690 ὀῦ
497 631 569 708 μετά
594 638 691 708 σφεων
714 631 850 708 ἠντίασαν
877 638 905 696 ἐς
929 629 981 709 τῆν

178 721 321 795 Βοιωτίην,
337 718 396 796 ἅμα
414 719 444 778 δὲ
461 717 676 794 ῦπομιησοντας
694 718 750 778 ὅσα
767 725 823 795 σφι
840 719 981 799 ἀπέσχετο

178 805 324 884 ὁΠέρσης
340 807 541 882 μεταβαλοῦσι
560 803 669 864 δώσειν·
690 808 825 881 προεῖπαί
841 833 880 876 τε,
897 806 941 867 ὅτι
957 813 992 868 εἰ“

176 893 217 970 μή
231 893 367 972 ἀμυνεῦσι
380 892 564 967 Ἀθηναίοισι,
579 891 615 954 οῖς
629 893 675 950 καὶ
688 891 770 950 αῦτοί
780 917 842 951 τινα
855 893 981 970 ἀλεωρὴν

178 980 351 1057 εῦρήσονται.
395 983 422 1040 οἶ
441 978 496 1060 γάρ
519 979 553 1055 δη
580 979 794 1056 Λακεδαιμόνιοι
814 979 930 1056 ὅρταζόν
949 1008 979 1041 τε

176 1073 276 1130 τοῦτον
302 1069 353 1130 τὸν
378 1068 481 1148 χρόνον
508 1069 557 1128 καί
581 1073 637 1144 σφι
662 1065 697 1142 ἦν
722 1065 875 1128 Ὑακίνθια·
915 1070 979 1146 περὶ

176 1157 315 1218 πλείστου
329 1156 352 1217 δ’
365 1157 435 1239 ἦγον
448 1156 484 1217 τά
500 1159 550 1215 τοῦ
569 1157 635 1216 θεοῦ
653 1153 812 1231 πορσύνειν·
833 1153 892 1232 ἅμα
905 1154 934 1215 δὲ
946 1156 979 1218 τὸ

175 1244 269 1324 τεῖχός
281 1252 337 1322 σφι
350 1245 383 1306 τὸ
397 1250 426 1305 ἐν
438 1249 477 1323 τῷ
488 1243 595 1322 Ἰσθμῷ
611 1243 741 1323 ἐτείχεον·
762 1243 808 1302 καὶ
823 1242 877 1319 ἤδη
892 1242 977 1303 ε’πάλ·

177 1331 232 1400 ξεις
245 1333 399 1410 ε’λάμβανε.

216 1419 265 1484 Ὡς
281 1421 310 1479 δὲ
329 1420 462 1480 ἀπίκοντο
483 1424 511 1483 ἐς
529 1418 582 1496 τήν
599 1417 794 1496 Λακεδαίμονα
814 1422 842 1479 οἱ
861 1417 1004 1501 ἅγγελοιῖ

175 1509 204 1567 οῖ
230 1507 276 1568 ἀπ’
301 1507 455 1585 Ἀθηναίων
474 1506 542 1584 Ιαἷμα
564 1505 697 1589 ἀγόμενοι
723 1508 753 1566 ἐκ
779 1532 810 1568 τε
837 1508 977 1589 Μεγάρων

175 1594 313 1678 ἀγγέλους
326 1597 372 1656 καὶ
386 1602 416 1657 ἐκ
430 1597 604 1666 Πλαταιέων,
619 1596 718 1678 ἔλεγον
733 1593 799 1656 τόδε
813 1594 977 1659 ἐπελθόντες

175 1685 221 1742 ἐπὶ
254 1685 319 1749 τοῦς
353 1684 480 1762 ἐφόρους·
523 1693 541 1720 “
549 1684 677 1762 ἔπεμψαν
709 1683 798 1761 ἡμέας
823 1682 975 1760 Ἀθηναῖοι,

174 1771 303 1851 λέγοντες
316 1772 360 1832 ότι
372 1773 440 1850 ἡμῖν
455 1771 595 1849 βασιλεῦς
608 1770 624 1832 ὁ
638 1772 750 1848 Μήδων,
764 1776 848 1834 τοῦτο
860 1775 913 1850 μὲν
924 1772 976 1849 τήν

172 1857 266 1934 χώρην
280 1859 415 1933 ἀποδιδοῖ,
429 1863 513 1918 τοῦτο
529 1860 559 1918 δὲ
577 1859 743 1937 συμμάχους
762 1861 852 1920 ἐθέλει
870 1859 912 1918 ἐπ’
925 1861 975 1940 ἴση

173 1969 203 2000 τε
217 1945 263 2002 καὶ
277 1944 360 2022 ὁμοίη
374 1945 559 2020 ποιήσασθαι,
575 1943 639 2003 ἀνευ
652 1970 682 2003 τε
696 1945 781 2004 δόλου
798 1946 844 2003 καὶ
857 1945 973 2021 ἀπότης·

174 2031 266 2090 ἐθέλέι
278 2031 308 2090 δὲ
322 2032 368 2089 καὶ
386 2030 477 2107 ἀλλην
492 2029 591 2110 χώρηνΙ
603 2031 674 2108 πρὸς
688 2035 724 2110 τῇ
736 2031 858 2110 ἡμετέρῃ
872 2032 975 2094 διδόναι

172 2118 224 2194 τήν
243 2117 278 2179 ἂν
298 2117 376 2179 αὐτοὶ
397 2118 532 2195 ἑλώμεθα,
548 2118 628 2195 ἡμεῖς
648 2119 678 2178 δὲ
699 2119 755 2178 Δία
774 2144 806 2178 τε
824 2119 974 2195 Ἑλλήνιον
997 2127 1001 2136 ’

172 2207 346 2270 αἰδεσθέντες
359 2206 405 2265 καὶ
417 2205 468 2282 την
485 2205 612 2264 Ἑλλάδα
629 2206 718 2267 δεινὸν
735 2206 893 2284 ποιεύμενοι
906 2233 973 2285 προ·

172 2295 275 2365 δοῦναι,
297 2294 329 2354 οῦ
347 2294 556 2371 καταινέσαμεν,
573 2291 652 2353 ἀλλά
670 2293 856 2373 ἀπειπάμεθα,
874 2297 972 2375 καίπερ

171 2381 344 2460 ἀδικεόμενοι
371 2381 418 2442 ὁπ’
447 2381 592 2459 Ἑλλήνων
625 2384 671 2442 καὶ
701 2383 972 2461 καταπροδιδόμενοι,

172 2471 356 2548 ἐπιστάμενοί
372 2499 404 2532 τε
424 2471 467 2532 ὅτι
488 2465 707 2550 κερδαλεώτερόν
728 2477 790 2534 ἔστι
809 2472 973 2554 ὁμολογέειν

170 2559 210 2636 τῷ
233 2558 334 2637 Πέρσῃ
356 2563 470 2636 μᾶλλον
492 2558 564 2639 ἥπερ
589 2562 747 2639 πολεμέειν·
779 2559 812 2622 οῦ
834 2565 887 2640 μὲν
910 2561 974 2621 οὐδὲ

171 2643 390 2726 ὁμολογήσομεν
402 2647 510 2712 ἑκόντες
523 2649 602 2711 εἶναι.
643 2651 690 2709 καὶ
708 2650 741 2710 τὸ
753 2653 806 2727 μὲν
818 2650 866 2710 ἀπ’
879 2651 972 2727 ἡμέων

171 2729 243 2790 οὕτω
266 2732 423 2810 ἀκίβδηλον
451 2737 496 2798 ἐὸν
522 2738 634 2816 νέμεται
662 2739 707 2798 ε’πὶ
732 2736 798 2801 τοῦς
817 2729 971 2814 Ἕλληνας·

170 2818 248 2896 ὑμεῖς
269 2820 306 2888 δὲ,
329 2826 355 2884 ἐς
379 2827 476 2884 πᾶσαν
498 2825 633 2902 ἀρρωδίην
658 2825 723 2886 τότε
747 2824 911 2902 ἀπικόμενοι
930 2824 971 2902 μη

170 2905 395 2988 ὁμολογήσωμεν
421 2915 459 2990 τῷ
485 2914 594 2992 Πέρση,
622 2915 684 2973 ε’πεί
707 2939 739 2974 τε
767 2912 912 2990 ἐξεμάθετε
938 2913 971 2974 τό

169 2993 304 3072 ἡμέτερον
318 2996 450 3075 φρόνημα
468 3002 589 3075 σαφέως,
603 3000 647 3061 ὅτι
665 3000 773 3077 οῦδαμά
789 2999 972 3077 προδώσομεν

169 3081 223 3160 την
234 3082 369 3156 Ἑλλάδα,
384 3087 430 3145 καὶ
448 3086 518 3148 διότι
538 3093 630 3169 τεῖχος
642 3089 716 3167 ῦμῖν
727 3089 772 3149 διά
789 3092 839 3148 τοῦ
852 3086 971 3166 Ἰσθμοῦ
1020 3085 1022 3089 ’

170 3173 355 3252 ἐλαυνόμενον
368 3179 398 3234 ἐν
412 3176 489 3236 τέλεΐ
506 3181 576 3248 ἐστι,
591 3179 637 3237 καὶ
655 3177 689 3254 δη
705 3177 794 3260 λόγον
807 3177 905 3239 οὐδένα
917 3181 955 3238 τί

168 3259 322 3340 Ἀθηναίων
334 3264 474 3325 ποιέεσθε·
495 3265 662 3343 συνθέμενοί
672 3290 703 3326 τε
715 3265 783 3344 ἡμῖν
795 3265 846 3329 τόν
856 3267 926 3345 Πέρε
