2280 3432
159 117 311 181 ἰιι-ιω]
498 118 652 176 υυυκυιι.
920 115 968 169 277

158 197 340 274 Μαρδονίου,
355 199 434 278 ἔλεγε
451 195 526 255 τάδε·
548 195 670 273 ι’όνδρες
685 196 837 272 Ἀθηναῖοι,
856 195 970 274 Μαρδό-

171 311 227 349 νιος
244 283 310 344 τάδε
330 285 417 364 λέγει·
439 285 501 361 ε’μοὶ
520 283 638 365 ἀγγελίη
654 283 715 359 ἥκει
734 284 811 362 παραὶ
831 285 971 360 βασιλέος

169 373 296 453 λέγουσα
316 369 396 430 οὕτω·
422 371 598 448 Ἀθηναίοισι
618 371 667 436 τὰς
691 371 851 450 αἶμαρτιίδας
871 372 921 436 τοὶς
943 379 970 436 ε’ς
999 436 1002 440 ,

171 463 219 536 ἐμὲ
232 461 263 530 ἐξ
276 460 384 520 ἐκείνων
396 460 546 540 γενομένας
558 459 653 524 πάσας
666 461 789 538 μετίημι·
804 465 852 522 νῦν
865 487 896 520 τε
910 458 970 532 ὧδε,
992 475 994 479 ’

170 548 320 626 Μαρδόνιε,
343 548 429 606 ποίεε·
460 551 543 608 τοῦτο
564 550 616 624 μὲν
638 547 690 624 τὴν
710 553 765 629 γῆν
783 555 839 624 σφι
857 548 970 612 ἀπόδος·

170 642 253 698 τοῦτο
267 637 304 712 δὲ,
320 635 413 712 ἅλλην
426 635 496 712 πρός
505 635 591 714 ταύτῃ
602 637 726 696 ἑλέσθων
739 636 818 696 αὐτοὶ
830 637 926 713 ἥντινα
937 635 971 697 ἂν

171 727 290 786 ἐθέλωσι
309 723 398 788 ἐόντες
416 722 574 801 αύτόνομοι·
596 724 642 800 ἱρά
658 750 689 783 τε
705 723 796 784 πάντα
809 731 873 801 σφι,
887 723 922 800 ἢν
936 725 969 802 δὴ

169 813 332 888 βούλωνταί
346 839 380 893 γε
397 813 459 890 ἐμοὶ
477 811 649 893 ὁμολογέειν,
663 811 830 889 ἀνόρθωσον,
847 812 902 872 ὅσα
916 813 970 895 ε’γιδ

171 901 320 978 ἐνέπρησα.
360 899 465 960 τούτων
488 900 518 958 δὲ
544 899 708 980 ἀπιγμένων,
733 898 887 980 ἀναγκαίως
914 903 970 979 ἔχει

169 1013 218 1062 μοι
228 991 332 1050 ποιέειν
341 993 436 1061 ταῦτα,
448 986 483 1065 ἢν
495 987 535 1064 μὴ
548 986 582 1048 τδ
595 987 727 1065 ὑμέτερον
740 986 833 1048 οἷντίον
846 989 969 1068 γένηται·

170 1077 244 1157 λέγω
258 1078 287 1137 δὲ
299 1077 365 1155 ύμῖν
377 1076 452 1138 τάδε’
468 1079 517 1137 νῦν
529 1078 560 1136 τί
569 1077 704 1153 μαίνεσθε
713 1075 839 1152 πόλεμον
850 1077 972 1152 βασιλέϊ

170 1161 387 1242 ἅνταειρόμενοι;
410 1163 473 1224 οὔτε
486 1164 541 1246 γοῖρ
556 1162 590 1225 ἂν
607 1163 820 1241 ὑπερβάλοισθε
836 1162 899 1222 ούτε
916 1164 973 1223 οἶοί

170 1277 201 1310 τε
217 1255 281 1312 ε’στὲ
297 1253 421 1332 ἀντέχειν
436 1251 486 1313 τόν
502 1253 593 1314 πάντα
611 1251 721 1332 χρόνον·
746 1251 831 1311 εἴδετε
846 1254 898 1329 μὲν
913 1250 969 1332 γοῖρ

170 1343 220 1416 τῆς
240 1341 347 1418 Ξέρξεω
367 1342 578 1420 στρατηλασίης
598 1341 632 1400 τό
650 1341 760 1416 πλῆθος
776 1341 821 1399 καὶ
836 1341 872 1400 τιί
892 1341 969 1422 ἔργα·

170 1427 344 1488 πυνθάνεσθε
357 1429 386 1488 δὲ
400 1431 446 1489 καὶ
456 1430 507 1506 τὴν
517 1434 565 1490 νῦν
574 1429 640 1508 παρ’
654 1429 715 1506 ε’μοὶ
729 1426 831 1489 εὀὒσαν
844 1427 969 1506 δύναμιν·

171 1514 244 1577 ὥστε
258 1518 303 1576 καὶ
316 1517 351 1595 ἢν
363 1517 450 1595 ἡμέας
463 1519 675 1597 ὑπερβάλησθε,
687 1518 733 1576 καὶ
746 1516 886 1594 νικήσητε,
897 1518 970 1597 (τοῦ-

169 1631 222 1684 περ
242 1605 307 1683 ύμῖν
329 1605 442 1683 οὐδεμία
463 1608 543 1670 ε’λπὶς
566 1607 641 1683 εἴπερ
665 1604 694 1664 εὖ
717 1607 869 1686 φρονέετε,)
893 1604 970 1682 ἄλλη

168 1694 307 1772 παρέσται
318 1696 531 1770 πολλαπλησίη.
575 1693 615 1772 μὴ
631 1693 667 1753 ὧν
679 1693 824 1769 βούλεσθε
837 1693 970 1772 παρισεύ-

168 1807 247 1858 μενοι
266 1785 395 1860 βασιλέϊ,
416 1783 567 1859 στέρεσθαι
587 1785 639 1859 μὲν
658 1785 708 1857 τῆς
726 1781 826 1860 χώρης,
848 1781 921 1842 θέειν
940 1782 970 1841 δὲ

170 1871 222 1928 αἰεὶ
235 1872 299 1947 περὶ
311 1870 402 1946 ύμέων
416 1869 513 1929 αὐτῶν·
536 1869 613 1929 οἶλλοὶ
627 1868 836 1930 καταλύσασθε·
853 1871 970 1948 παρέχει

170 1957 200 2015 δὲ
220 1957 286 2032 ύμῖν
308 1956 451 2017 κάλλιστα
473 1957 696 2028 καταλύσασθαι,
721 1957 860 2033 βασιλέος
882 1957 969 2037 ταύτῃ

171 2042 339 2121 ὁρμημένου.
383 2045 447 2104 ἔστε
461 2045 607 2123 ἐλεύθεροι,
625 2044 693 2122 ἡμῖν
706 2044 859 2123 ὁμαιχμίην
873 2046 969 2106 συνθέ-

170 2157 248 2208 μενοι
269 2130 332 2191 ἅνευ
352 2158 384 2192 τε
404 2131 489 2192 δόλου
511 2133 556 2190 καὶ
576 2132 693 2209 α’πότης.
728 2132 892 2209 ’Μαρδόνιος
918 2135 970 2210 μὲν

169 2224 265 2290 τοῦτο,
280 2219 461 2298 ὦἈθηναῖοι,
474 2220 628 2280 ἐνετείλατό
637 2247 687 2299 μοι
698 2225 784 2281 εἰπεῖν
796 2219 968 2299 πρόςύμέας·

170 2308 224 2389 ε’γιδ
244 2309 274 2370 δὲ
294 2309 358 2388 περὶ
372 2310 424 2386 μὲν
441 2307 546 2385 εὐνοίης
561 2313 611 2385 τῆς
629 2309 699 2387 πρός
717 2309 802 2387 ύμέας
819 2309 920 2386 εὀύοης
940 2310 971 2380 ἐξ

169 2402 235 2475 έμεί
249 2398 327 2459 ούδὲν
339 2397 420 2468 λέξω·
443 2396 488 2479 (ού
501 2397 556 2479 γοῖρ
570 2396 603 2458 ἂν
616 2401 665 2458 νῦν
677 2401 788 2475 πρῶτον
801 2397 970 2480 ἐκμάθοιτε)

169 2488 349 2565 προσχρηίζω
366 2487 395 2546 δὲ
412 2487 509 2564 ύμέων,
525 2486 672 2546 πείθεσθαι
690 2485 850 2564 Μαρδονίῳ·
872 2487 970 2563 ε’νορέω

169 2572 223 2653 γὰρ
236 2574 302 2650 ύμῖν
315 2573 364 2634 οὐκ
379 2576 467 2634 οἵοισί
482 2600 512 2635 τε
527 2573 688 2652 ἐσομένοισι
701 2573 750 2634 τόν
763 2572 854 2634 πάντα
866 2574 969 2653 χρόνον

170 2661 318 2738 πολεμέειν
331 2663 432 2740 Ξέρξη·
453 2664 490 2744 (εἰ
502 2663 556 2743 γὰρ
571 2661 677 2741 ε’νοίρων
691 2666 775 2723 τοῦτο
790 2666 819 2721 έν
831 2661 904 2738 ύμῖν,
920 2661 970 2720 ούκ

173 2745 208 2808 ἅν
221 2775 285 2808 κοτε
303 2753 330 2811 ές
349 2748 434 2825 ύμέας
453 2750 543 2825 ἦλθον
563 2751 633 2828 έχων
652 2749 755 2832 λόγους
773 2749 896 2829 τούσδε)
924 2750 970 2808 καὶ

170 2836 224 2917 γὰρ
245 2837 358 2913 δύναμις
376 2836 445 2914 ὑπὲρ
466 2837 610 2916 ἄνθρωπον
630 2837 649 2914 ἤ
668 2838 807 2913 βασιλέος
831 2839 901 2908 ε’στὶ,
923 2838 970 2897 καὶ

170 2925 232 3005 χεὶρ
252 2922 421 3001 ύπερμήκης.
462 2922 497 3000 ἢν
518 2923 554 2986 ὧν
573 2925 614 3004 μή
635 2925 734 2986 αὐτίκα
761 2925 968 3008 ὁμολογήσητε,

169 3012 281 3094 μεγάλα
296 3018 494 3090 προτεινόντων
510 3012 552 3072 ἐπ’
571 3015 630 3074 οἶσι
648 3013 812 3094 ὁμολογέειν
830 3014 969 3084 ἐθέλουσι,

170 3101 299 3178 δειμαίνω
311 3100 380 3180 ύπὲρ
393 3100 491 3180 ύμέων,
503 3106 532 3162 ἒν
544 3103 633 3182 τρίβῳ
643 3127 674 3162 τε
682 3101 810 3178 μάλιστα
821 3101 970 3178 οἰκημένων

169 3194 224 3250 τῶν
240 3189 396 3272 συμμάχων
411 3189 522 3252 πόντων
538 3191 594 3249 αἰεί
607 3215 638 3250 τε
652 3188 841 3266 φθειρομένων
853 3189 968 3264 μούνων,

171 3279 309 3406 ἔξρίριετόν
322 3306 350 3342 τι
362 3281 529 3361 μεταίχμιον
541 3277 593 3355 τὴν
602 3280 657 3360 γῆν
670 3274 850 3352 κεκτημένων.
892 3274 971 3336 α’λλοῖ

212 3368 283 3406 .-να
