2240 3424
147 52 195 102 ιιι
454 49 636 102 ἯΡοΔοτου
884 53 946 118 [lx.

147 130 286 192 ἐσέπτατο
313 132 341 194 ἐς
365 128 401 190 ro*
424 129 614 208 στρατόπεδον
640 134 705 202 πᾶν,
729 129 775 192 καὶ
801 132 949 210 κηρυκήῖον

148 217 238 294 ἐφιίνη
265 216 311 276 ἐπὶ
336 220 387 292 τῆς
412 222 576 298 κυματωγῆς
603 219 736 294 κείμενον·
770 219 788 294 ή
815 219 846 279 δὲ
866 220 949 297 φήμη

148 305 247 380 διῆλθέ
272 310 328 379 σφι
356 302 415 373 ὦδε,
440 303 475 367 ὥς
498 307 525 364 οἱ
546 304 687 381 Ἕλληνες
712 306 765 382 τήν
788 308 950 384 Μαρδονίου

148 390 283 468 στρατιήν
296 394 390 469 νικῷεν
406 397 435 451 ἐν
452 395 601 452 Βοιωτοῖσι
616 393 778 472 μαχόμενοι.
821 394 895 470 δῆλα
913 394 949 472 δή

148 481 285 538 πολλοῖσι
303 479 481 555 τεκμηρίοισί
492 483 553 539 ἐστι
569 477 605 538 τὰ
621 481 682 539 θεῖα
699 485 754 540 τῶν
768 482 948 561 πρηγμάτων,

149 566 231 626 εἶκαὶ
246 564 311 625 τότε
328 569 377 641 τῆς
395 565 481 642 αὐτῆς
497 567 603 644 ήμέρης
620 568 836 644 συμπιπτούσης
851 573 901 629 τοῦ
918 596 949 629 τε

149 657 178 712 ἐν
188 656 353 730 Πλαταιῇσι
368 653 413 711 καὶ
426 657 476 712 τοῦ
490 658 519 713 ἐν
532 653 655 731 Μυκάλῃ
664 656 820 730 μέλλοντος
831 656 949 716 ἔσεσθαι

147 739 299 817 τρώματος,
314 739 396 817 φήμη
414 745 490 800 τοῖσι
506 739 637 816 Ἕλλησι
651 745 728 800 τοῖσι
745 743 832 821 ταίντη
851 745 951 803 iuuari*

109 905 110 909 Ἰ
149 826 309 904 κετο,ὧστε
323 828 470 904 θαρσῆσαί
484 854 515 888 τε
530 827 582 902 τήν
602 827 738 904 στρατιήν
757 832 856 908 πολλῷ
875 834 948 906 μᾶλ-
1019 845 1026 859 “

104 917 158 975 101
170 919 230 986 λον,
253 917 299 975 καὶ
322 916 429 976 ἐθέλειν
448 915 658 993 προθυμότερον
678 916 848 976 κινδυνεύειν.
891 919 951 976 Καὶ

149 1002 214 1063 τόδε
233 1004 326 1081 ἕτερον
344 1005 482 1063 συνέπεσε
497 1003 653 1084 γενόμενον,
669 1003 819 1081 Δήμητρος
835 1005 961 1081 τεμένεα

148 1089 323 1168 Ἐλευσινίης
349 1091 425 1168 παρὰ
445 1089 606 1167 ἀμφοτέρας
625 1089 676 1153 τιὶς
696 1091 848 1167 συμβολὰς
871 1091 950 1152 εἶναι·

151 1179 197 1236 καὶ
210 1178 265 1258 γοὶρ
279 1178 313 1254 δή
327 1183 355 1240 ἐν
368 1182 404 1256 τῇ
418 1178 570 1238 Πλαταιίδι
582 1177 648 1255 παρ’
662 1176 730 1238 αὐτὰ
743 1177 776 1238 τὰ
787 1177 951 1256 Δημήτριον

151 1266 259 1347 ἐγένετο
279 1267 327 1347 (οἷς
347 1267 393 1326 καὶ
413 1265 549 1344 πρότερόν
568 1291 617 1344 μοι
638 1265 754 1347 εἴρηται)
768 1266 787 1342 ή
802 1267 889 1346 μάχη,
904 1270 951 1326 καὶ

151 1357 181 1414 ἐν
196 1354 319 1432 Μυκάλη
340 1356 441 1431 ἔμελλε
462 1353 592 1416 ὦσαίτως
612 1354 738 1413 ἔσεσθαι·
758 1355 902 1434 γεγονέναι
921 1355 951 1413 δὲ

150 1442 228 1516 νίκην
244 1445 299 1501 τῶν
316 1441 388 1524 μετὰ
405 1442 572 1501 Παυσανίεω
588 1441 733 1516 Ἑλλήνων
751 1440 840 1518 ὀρθῶς
858 1447 914 1517 σφι
931 1438 951 1518 ή

153 1527 235 1604 φήμη
249 1529 398 1604 συνέβαινε
412 1529 546 1588 ἐλθοῦσα·
567 1528 600 1588 τὸ
613 1530 665 1605 μέν
676 1527 731 1609 γὰρ
746 1534 775 1589 ἐν
785 1533 952 1607 Πλαταιῇσι

151 1616 223 1691 πρωῒ
239 1617 278 1674 ἔτι
296 1618 346 1690 τῆς
361 1614 466 1691 ήμέρης
484 1615 599 1695 ἐγίνετο·
619 1615 652 1675 vd
666 1616 738 1675 δὲέν
751 1617 874 1694 Μυκάλη
887 1618 952 1693 περὶ

151 1702 254 1777 δείλην·
275 1700 319 1762 ὅτι
332 1701 362 1760 δέ
374 1705 424 1777 τῆς
437 1701 522 1777 αι’πῆς
534 1701 639 1779 ήμέρης
652 1704 801 1780 συνέβαινε
813 1704 950 1784 γίνεσθαι,

151 1788 238 1866 μηνός
252 1815 283 1849 τε
303 1793 353 1850 τοῦ
374 1787 467 1858 αὐτοῦ,
482 1788 573 1869 χρόνῳ
591 1788 624 1850 οὔ
639 1793 739 1868 πολλῷ
759 1797 815 1865 σφι
834 1790 953 1868 ὕστερον

152 1879 226 1954 δήλα
245 1876 471 1956 ἀναμανθάνουσι
498 1879 609 1960 ἐγίνετο.
652 1876 687 1955 ἦν
707 1877 737 1936 δὲ
757 1877 875 1955 ἀρρωδίη
896 1883 952 1954 σφι

152 1968 218 2045 πρὶν
246 1967 299 2044 τήν
331 1966 429 2044 φήμην
459 1967 652 2036 ἐσαπικέσθαι,
681 1963 740 2026 οὔτι
766 1966 830 2043 περὶ
856 1967 953 2042 σφέων

153 2053 243 2116 αὐτῶν
263 2054 342 2126 οὕτω,
361 2055 396 2118 ὦς
415 2057 470 2114 τῶν
485 2053 638 2129 Ἑλλήνων,
659 2053 699 2130 μή
719 2054 783 2130 περὶ
804 2053 953 2132 Μαρδονίῳ

153 2143 259 2222 πταίσῃ
279 2142 298 2218 ή
318 2141 434 2205 Ἑλλάς·
469 2140 504 2204 οἷς
523 2141 618 2218 μέντοι
637 2140 656 2216 ή
678 2140 786 2219 κλῃδών
806 2138 876 2216 αὕτη
896 2147 953 2216 σφι

154 2230 299 2300 ἐσέπτατο,
320 2228 434 2305 μᾶλλόν
454 2255 482 2288 τι
503 2229 548 2287 καὶ
567 2228 719 2307 ταχύτερον
739 2227 953 2305 τήνπρόσοδον

154 2320 302 2376 ἐποιεῦντο.
345 2318 372 2375 οἱ
397 2317 449 2393 μὲν
470 2315 505 2392 δή
527 2315 666 2391 Ἕλληνες
689 2317 735 2374 καὶ
758 2319 785 2374 οἱ
804 2315 951 2392 βάρβαροι

153 2403 287 2462 ἔσπευδον
301 2407 329 2467 ἐς
344 2401 397 2480 τήν
414 2401 517 2483 μιίχην,
531 2402 566 2466 ὥς
584 2409 640 2479 σφι
658 2405 704 2463 καὶ
720 2406 749 2463 αἱ
767 2406 851 2479 νῆσοι
870 2402 916 2460 καὶ
936 2401 952 2460 ὁ

153 2488 368 2564 Ἑλλήσποντος
382 2489 471 2550 ἄεθλα
484 2492 637 2568 προέκειτο.

108 2579 165 2637 102
215 2579 297 2637 Τοῖσι
316 2579 368 2654 μέν
384 2603 432 2638 νυν
447 2575 622 2654 Ἀθηναίοισι
639 2578 685 2637 καὶ
701 2581 778 2638 τοῖσι
797 2578 954 2655 προσεχέσι

153 2663 280 2726 τούτοισι
305 2665 509 2746 τεταγμένοισι,
529 2665 614 2744 μέχρι
640 2691 690 2725 κου
709 2669 764 2725 τῶν
782 2663 914 2741 ήμισέων,
935 2663 954 2740 ή

154 2751 218 2816 ὁδός
241 2754 346 2834 ἐγίνετο
370 2751 428 2811 κατ’
453 2751 581 2833 αἰγιαλόν
604 2778 635 2813 τε
658 2753 704 2813 καὶ
727 2751 830 2812 ἄπεδον
853 2754 955 2831 χῶρον·

153 2843 231 2900 τοῖσι
246 2839 276 2899 δὲ
293 2839 539 2915 Λακεδαιμονίοισι
558 2839 605 2898 καὶ
620 2841 698 2900 τοῖσι
715 2839 814 2915 ἐπεξῆς
829 2838 955 2900 τούτοισι

153 2927 357 3006 τεταγμένοισι,
377 2926 448 2986 κατιί
465 2951 496 2985 τε
513 2925 656 3003 χαράδρην
670 2927 716 2985 καὶ
734 2925 825 3003 οὔρεα·
847 2929 876 2986 ἐν
889 2922 911 3004 ᾧ
925 2926 956 2985 δέ

154 3015 181 3072 οἱ
201 3012 415 3090 Λακεδαιμόνιοι
436 3011 594 3087 περιήϊσαν,
611 3009 688 3072 οὗτοι
706 3015 733 3071 οἶ
749 3013 795 3072 ἐπὶ
814 3015 854 3091 τῷ
874 3013 956 3092 έτέρῳ

155 3098 228 3173 κέρεϊ
254 3100 294 3160 έτι
323 3099 370 3158 καὶ
395 3098 430 3172 δή
460 3096 608 3175 ἐμάχοντο.
650 3099 699 3160 ἔως
726 3099 779 3174 μέν
805 3123 854 3159 νυν
879 3103 956 3160 τοῖσι

155 3184 288 3262 Πέρσησι
301 3183 384 3262 ὄρθια
396 3183 431 3260 ἦν
446 3182 483 3244 τὰ
499 3183 594 3263 γέρρα,
610 3182 749 3260 ἠμύνοντό
766 3209 798 3245 τε
816 3185 863 3244 καὶ
878 3183 956 3246 οὐδὲν
