2280 3432
147 119 256 185 ιν-οο]
473 107 638 170 omnm(
695 183 697 188 Ι
787 185 790 192 ⁴
898 121 946 169 241

146 201 199 276 μέν
217 199 305 276 ἠπίως
324 199 395 276 πρός
412 198 463 259 τόν
482 199 633 276 Κορίνθιον
653 196 801 277 οἶμείψατο·
827 195 898 276 πρός
916 197 948 258 δὲ

146 285 197 346 τόν
227 285 404 364 Εὐρυβιάδεα
433 271 513 368 ἔλεγε
542 287 650 347 ἐκείνων
666 289 726 363 μὲν
750 283 840 346 οὐκέτι
867 283 947 346 οὐδὲν

147 377 202 434 τῷν
222 374 357 453 πρότερον
376 375 538 454 λεχθέντων,
561 374 596 437 ὦς
619 374 702 434 ἐπεάν
725 372 865 451 όπαίρωσι
889 371 946 434 άπό

147 462 316 539 Σαλαμῖνος,
332 461 538 540 διαδρήσονται·
565 461 722 539 παρεόντων
734 461 790 544 γὰρ
805 465 861 521 τῶν
876 485 946 538 συμ-

144 548 244 629 μάχων
259 550 320 630 ,οὐκ
347 551 432 628 ἔφερέ
454 553 481 610 οἱ
504 549 613 628 κόσμον
635 550 732 611 οὐδένα
759 550 946 632 κατηγορέειν·

147 631 318 719 ό-δέἅλλου
335 637 424 718 λόγου
443 638 541 716 εἴχετο,
556 638 646 719 λέγων
662 638 738 698 τάδε·
759 648 777 674 “
786 642 815 698 ἐν
833 638 881 698 σοὶ
896 640 945 697 νίἰν

147 724 210 783 ἐστὶ
230 728 324 784 σῷσαι
341 724 393 800 τήν
409 724 545 794 Ἑλλάδα,
560 723 596 800 ἢν
614 725 677 802 ἐμοὶ
695 726 778 804 πείθῃ
792 725 948 804 ναυμαχίην

146 807 233 870 αὐτοῦ
258 812 348 888 μένων
373 813 528 882 ποιέεσθαι,
551 811 630 889 μηδὲ,
657 812 820 890 πειθόμενος
844 813 948 872 τούτων

146 900 223 972 τοῖσι
235 900 362 980 λέγουσι,
377 897 524 978 όναζεόξῃς
536 900 607 976 πρός
619 898 669 959 τόν
681 899 799 976 Ἰσθμόν
811 899 861 962 τοίς
872 903 947 975 νῆας·

147 983 255 1050 ἀντίθες
271 986 326 1067 γάρ
343 984 472 1063 ἑκάτερον
487 985 619 1050 α’κούσας·
639 985 710 1064 πρός
724 988 776 1062 μέν
792 989 831 1064 τῷ
842 985 949 1066 Ἰσθμῷ

146 1072 327 1148 συμβάλλων
340 1078 369 1134 ἐν
381 1073 500 1155 πελάγεϊ
516 1073 734 1153 ἀναπεπταμένῳ
750 1073 947 1151 ναυμαχήσεις,

147 1163 182 1222 ἐς·
192 1159 209 1220 ὃ
221 1159 325 1236 ἥκιστα
339 1159 407 1238 ἡμῖν
425 1159 576 1239 σύμφορόν
593 1166 655 1222 ἐστι
668 1165 735 1238 νῆας
749 1162 846 1239 έχουσι
858 1162 948 1236 βαρυ-

144 1247 227 1323 τέρας
247 1248 293 1306 καί
313 1248 433 1326 α’ριθμδν
453 1241 623 1313 ἐλάσσονας·
649 1253 733 1308 τοῦτο
757 1248 793 1321 δέ,
820 1246 949 1311 ἀπολέεις

146 1335 295 1412 Σαλαμῖνά
306 1362 338 1396 τε
352 1337 398 1395 καί
411 1337 532 1419 Μέγαρα
551 1336 597 1395 καί
614 1336 738 1418 Αἴγιναν,
751 1334 841 1412 ἥνπερ
854 1334 900 1394 καὶ
912 1334 949 1394 τά

119 1420 223 1486 ,ἅλλα
246 1422 450 1503 εὐτυχήσωμεν·
484 1423 543 1503 οἶμα
571 1423 627 1507 γὰρ
653 1427 692 1504 τῷ
718 1427 833 1503 ναυτικῷ
859 1421 949 1483 αὐτῶν

145 1509 242 1585 ἕψεται
261 1512 307 1570 καί
324 1511 341 1572 ό
358 1513 441 1584 πεζός
459 1511 589 1591 στρατός·
610 1511 740 1572 καὶοῦτω
754 1511 847 1588 σφέας
865 1508 948 1574 αὐτός
984 1521 986 1524 ’

144 1595 218 1667 ἄξεις
231 1599 277 1658 ἐπὶ
289 1597 343 1676 τήν
359 1600 589 1676 Πελοπόννησον,
604 1600 785 1665 κινδυνεύσεις
799 1625 831 1660 τε
849 1597 948 1677 οἰπάοῃ

143 1689 180 1764 τῇ
199 1685 325 1748 Ἑλλάδι.
369 1686 406 1765 ήν
425 1689 455 1748 δὲ
476 1688 512 1749 τό
533 1688 587 1771 ἐγιιί
602 1689 677 1770 λέγω
692 1688 823 1769 ποιήσῃς,
843 1687 948 1747 τοσάδε

145 1775 175 1832 ἐν
192 1772 304 1836 αὐτοῖσι
322 1777 435 1855 χρηστά
454 1777 589 1856 εὐρήσεις·
610 1780 707 1853 πρῶτα
721 1779 782 1854 μὲν,
801 1780 830 1835 ἐν
848 1777 948 1854 στεινῷ

145 1862 364 1936 συμβάλλοντες
384 1865 467 1938 νηυσὶ
482 1863 599 1943 ὀλίγῃσι
621 1862 692 1939 πρός
714 1861 833 1930 πολλοῖς,
857 1860 892 1938 ἢν
912 1860 949 1921 τοὶ

145 1947 241 2006 οἰκότα
254 1953 284 2007 ἐκ
297 1952 347 2008 τοῦ
360 1951 488 2025 πολέμου
506 1951 622 2027 ἐκβαίνῃ
635 1949 746 2008 πολλόν
759 1948 947 2025 κρατήσομεν·

143 2031 178 2094 τό
197 2033 253 2115 γάρ
274 2039 304 2094 ἐν
324 2039 423 2114 στεινῷ
442 2036 609 2114 ναυμαχέειν
627 2034 698 2112 πρός
714 2034 808 2112 ήμέων
827 2035 898 2094 ἐστί·
920 2039 949 2095 ἐν

145 2121 299 2202 εὐρυχωρίῃ
311 2123 342 2182 δέ
353 2122 425 2200 πρός
438 2124 555 2183 ἐκείνων.
594 2121 670 2186 αὖτις
683 2123 721 2192 δέ,
733 2121 861 2198 Σαλαμὶς
873 2147 947 2200 περι-

143 2211 258 2292 γίνεται,
270 2216 298 2274 ἐς
307 2211 359 2288 τήν
368 2209 437 2288 ἡμῖν
445 2209 603 2270 ὐπέκκειται
615 2212 698 2271 τέκνα
710 2235 741 2270 τε
755 2209 801 2269 καὶ
811 2214 947 2291 γυναῖκες.

145 2299 191 2357 καὶ
199 2299 257 2377 μήν
267 2300 313 2359 καὶ
322 2298 387 2360 τάδε
397 2303 427 2359 ἐν
437 2297 549 2360 αὐτοῖσι
562 2300 654 2359 ἔνεστι
665 2301 715 2358 τοῦ
726 2298 773 2357 καὶ
782 2298 948 2377 περιέχεσθε

143 2385 282 2462 μάλιστα·
310 2387 411 2466 ὁμοίως
428 2387 514 2448 αὐτοῦ
533 2413 564 2447 τε
583 2387 680 2464 μένων,
701 2385 948 2466 προναυμαχήσεις

145 2477 377 2552 Πελοποννήσου,
400 2476 446 2536 καὶ
466 2475 537 2555 πρός
556 2479 595 2554 τῷ
613 2473 729 2553 Ἰσθμῷ·
761 2471 826 2534 οὐδέ
845 2481 946 2551 σφεας,

145 2561 222 2638 εἰπερ
236 2561 266 2621 εὖ
280 2565 415 2639 φρονέεις,
427 2563 501 2635 ἄξεις
514 2563 559 2625 ἐπὶ
573 2561 626 2638 τήν
639 2561 871 2638 Πελοπόννησον.
912 2561 948 2640 ἢν

144 2646 177 2706 δέ
197 2673 231 2728 γε
253 2650 299 2708 καὶ
319 2650 355 2710 τό
377 2651 430 2732 ἐγαί
452 2653 555 2724 ἐλπίζω
578 2652 701 2733 γένηται,
724 2651 770 2710 καὶ
790 2649 947 2728 νικήσωμεν

143 2739 212 2814 τῇσι
225 2738 316 2812 νηυσὶ,
330 2737 393 2798 οὐτε
411 2738 479 2815 ὐμῖν
493 2745 520 2802 ἐς
532 2739 582 2800 τόν
594 2739 712 2818 Ἰσθμόν
730 2739 903 2816 παρέσονται
919 2740 947 2798 οἰ

143 2821 298 2899 βάρβαροι,
308 2821 371 2883 οὐτε
382 2825 579 2902 προβήσονται
592 2827 730 2904 ἐκαστέρω
742 2830 794 2902 τῆς
804 2825 942 2900 Ἀττικῆς,

89 2986 93 2994 ⁴
143 2909 249 2969 ἀπίασί
265 2935 296 2970 τε
309 2909 398 2970 οὐδενὶ
416 2911 520 2991 κόσμῳ,
536 2912 700 2994 Μεγάροισί
713 2939 744 2973 τε
765 2912 946 2988 κερδανέομεν

143 3000 295 3075 περιεοῦσι,
315 2997 361 3057 καὶ
379 2999 488 3079 Αἰγίνῃ,
504 3000 550 3059 καὶ
564 3002 712 3076 Σαλαμῖνι,
727 3005 756 3060 ἐν
768 3003 804 3076 τῇ
818 2999 886 3074 ήμῖν
899 2998 946 3056 καὶ

142 3086 242 3167 λόγιόν
260 3092 321 3147 ἐστι
333 3089 388 3147 τῷν
403 3089 510 3166 ἐχθρῶν
524 3088 678 3166 κατύπερθε
689 3087 830 3170 γενέσθαι.
872 3085 943 3144 οἰκό-

141 3199 178 3234 τα
189 3175 242 3251 μέν
254 3201 303 3237 νυν
313 3176 549 3253 βουλευομένοισι
561 3173 734 3253 α’νθροίποισι
745 3172 779 3236 οἷς
791 3173 824 3233 τό
843 3173 946 3234 ἐπίπαν

142 3263 232 3324 ἐθέλει
249 3265 387 3348 γίνεσθαι·
408 3261 450 3341 μή
468 3263 498 3322 δέ
514 3260 610 3323 οἰκότα
630 3261 873 3338 βουλευομένοισι,
892 3260 944 3322 οὐκ
