2294 3430
170 101 214 148 ιιι
473 94 655 154 Ἥτοιοιοι
745 134 749 141 .
894 91 971 158 [v11.

171 178 217 238 ’ένα
234 181 326 256 χῶρον
343 173 463 254 μυρίιίδα
481 173 640 250 α’νθριίπων,
656 172 701 232 καὶ
720 172 889 242 συνείξαντες
909 175 972 233 ταύ-

169 290 220 341 την
238 264 273 328 ὥς
286 263 413 340 μάλιστα
431 263 513 341 εἶχον,
529 263 718 342 περιέγραψαν
740 262 837 330 ἔξωθεν
859 260 971 322 κύκλον·

171 352 390 432 περιγράψαντες
409 351 446 420 δὲ,
464 341 509 409 καὶ
530 349 644 414 οἷπέντες
665 351 728 413 τούς
749 351 870 427 μυρίους,
891 355 972 428 αἱμα-

171 439 237 515 σιήν
255 441 427 516 περιέβαλον
447 439 516 498 κατὰ
534 439 584 499 τόν
606 439 707 499 κύκλον
728 440 798 517 ὕψος
812 438 973 515 α’νήκουσαν

170 527 247 604 οἶνδρὶ
262 533 289 590 ἐς
301 528 350 588 τόν
364 527 505 604 ὀμφαλόν,
519 528 622 604 ταύτην
636 528 665 586 δὲ
678 529 854 604 ποιήσαντες,
866 527 973 592 ἅλλους

172 617 345 692 ἐσεβίβαζον
358 621 386 678 ἐς
397 615 431 676 τό
445 617 733 698 περιοικοδομημένον·
748 617 846 694 μέχρις
860 614 893 676 οὗ
904 618 970 678 ποίν-

171 729 221 766 τας
238 703 328 784 τούτιρ
340 707 379 782 τῷ
391 703 485 784 τρόπῳ
499 704 697 781 ἐξηρίθμησαν·
719 702 925 781 ἀριθμήσαντες
943 706 971 764 δέ

104 785 108 792 ’
172 790 242 852 κατὰ
266 792 344 852 ἐθνεα
365 791 524 854 διέτασσον.

124 880 160 937 61
215 882 251 961 Οἱ
273 879 302 938 δέ
320 879 536 956 στρατευόμενοι
556 879 613 939 οἶδε
626 877 710 954 ἦσαν·
721 880 843 956 Πέρσαι
855 883 907 958 μὲν
920 879 972 941 ὧδε

173 969 382 1044 ἐσκευασμένοι·
403 969 468 1046 περὶ
479 971 531 1045 μὲν
543 972 612 1046 τῇσι
626 972 771 1046 κεφαλῇσι
785 967 861 1046 εἶχον
876 967 974 1046 τιάρας

156 1056 363 1132 ,καλεομένους
379 1057 479 1119 πίλους
492 1055 625 1138 ἀπαγέας·
646 1056 710 1132 περὶ
727 1056 758 1115 δὲ
774 1055 808 1116 τό
829 1061 912 1133 σῶμα
933 1084 972 1116 κι-

171 1143 260 1208 θῶνας
272 1143 448 1222 χειριδωτοδς
459 1145 612 1213 ποικίλους,
626 1143 739 1206 λεπίδος
756 1141 895 1220 σιδηρέης
907 1144 973 1222 όψιν

171 1232 346 1309 ἰχθυοειδέος·
367 1233 432 1308 περὶ
453 1232 482 1290 δὲ
502 1231 545 1312 τιίΙ
558 1233 663 1290 σκέλεα
679 1229 851 1308 ἀναξυρίδας,
867 1232 929 1292 οἷντὶ
942 1235 972 1294 δὲ

170 1317 297 1378 ἀσπίδων
320 1319 421 1400 γέρρα·
448 1317 503 1380 ὖπό
527 1319 564 1389 δέ,
592 1323 780 1396 φαρετρεῶνες
806 1323 971 1396 ἐκρέμαντο·

171 1406 275 1486 αίχμιίς
295 1407 325 1466 δέ
344 1407 471 1486 βραχέας
492 1406 576 1484 εἶχον,
590 1407 659 1476 τόξα
679 1407 708 1466 δέ
726 1407 845 1487 μεγάλα,
860 1407 973 1472 ὀϊστούς

171 1494 200 1553 δὲ
218 1495 396 1570 καλαμίνους·
417 1495 488 1572 πρός
501 1495 539 1564 δέ,
553 1494 705 1576 ἐγχειρίδια
717 1494 794 1572 παρὰ
812 1496 862 1556 τόν
882 1496 973 1566 δεξιόν

170 1582 260 1658 μηρόν
282 1583 509 1662 παραιωρεύμενα
531 1587 562 1642 ἐκ
577 1587 629 1659 τῆς
647 1582 741 1659 ζώνης.
783 1583 829 1642 καὶ
850 1583 973 1664 ἄρχοντα

171 1672 338 1749 παρείχοντο
361 1669 488 1744 Ὀτιίνεα,
513 1670 564 1731 τόν
586 1671 759 1748 Ἀμήστριος
782 1673 898 1748 πατέρα,
922 1678 974 1750 τῆς

171 1759 278 1835 Ξέρξεω
301 1757 439 1840 γυναικός.
480 1760 642 1840 (ἐκαλέοντο
669 1760 698 1818 δέ
725 1759 816 1818 πάλαι
841 1759 896 1819 ύττδ
920 1762 973 1837 μέν

169 1844 314 1922 Ἑλλήνων
336 1851 479 1923 Κηφῆνες,
500 1847 554 1908 ύπᾶ
575 1848 670 1924 μέντοι
695 1847 791 1921 σφέων
815 1845 905 1906 αὐτῶν
926 1850 973 1908 καὶ

169 1937 233 1994 τῶν
245 1937 391 2012 περιοίκων
402 1933 536 2012 Ἀρταῖοι·
558 1935 618 1994 ἐπεὶ
638 1934 667 1994 δὲ
686 1935 813 2011 Περσεύς
829 1934 973 2012 ὁ·Δανοίης

169 2048 201 2082 τε
222 2023 268 2082 καὶ
290 2023 358 2088 Διὸς
379 2022 495 2082 ἀπίκετο
516 2023 592 2098 παρὰ
613 2024 718 2098 Κηφέα
736 2023 786 2083 τόν
801 2023 909 2104 Βήλου,Ι
926 2025 972 2084 καὶ

170 2111 238 2190 ἔσχε
251 2110 336 2170 αὐτοῦ
349 2110 401 2186 τήν
415 2111 553 2190 θυγατέρα
565 2110 759 2188 Ἀνδρομέδην,
773 2112 878 2191 γίνεται
898 2111 972 2191 αύτῷ
985 2097 992 2112 ⁸

169 2199 235 2262 πάϊς
257 2203 296 2277 τῷ
320 2197 426 2274 οὔνομα
450 2199 528 2258 ἐθετο
552 2198 682 2274 Πέρσην·
709 2202 817 2258 τοῦτον
832 2199 862 2258 δέ
886 2198 972 2260 αὐτοῦ

170 2286 340 2355 καταλείπει,
362 2284 496 2365 ἐτύγχανε
516 2284 571 2366 γοὶρ
587 2284 671 2349 α’ίπαις
690 2285 740 2346 ἐοίν
758 2285 774 2346 ὁ
793 2287 911 2362 Κηφεύς
929 2289 971 2368 ἐρ-

169 2399 251 2436 σενος
270 2373 363 2453 γόνου,
383 2372 430 2430 ἐπὶ
449 2371 549 2432 τούτου
568 2373 597 2432 δέ
614 2373 666 2449 τήν
687 2376 841 2452 ἐπωνυμίην
862 2376 971 2457 ἐσχον.)

123 2463 161 2523 62
172 2461 267 2536 Μῆδοι
285 2460 314 2518 δὲ
335 2459 387 2535 τήν
408 2457 495 2536 αὐτήν
512 2459 614 2538 ταύτην
635 2463 803 2539 ἐσταλμένοι
826 2465 971 2540 ἐστρατεύ-

170 2574 243 2608 οντο·
265 2546 378 2626 Μηδική
397 2546 452 2627 γὰρ
471 2547 540 2626 αὕτη
559 2548 577 2626 ή
597 2549 684 2626 σκευή
703 2554 773 2620 ἐστι,
789 2552 835 2610 καὶ
852 2549 885 2609 ού
899 2557 971 2628 Περ-

171 2634 248 2712 σική.
290 2639 317 2695 οί
337 2635 367 2695 δέ
380 2635 476 2712 Μῆδοι
488 2636 612 2716 ἄρχοντα
624 2640 676 2715 μὲν
688 2637 856 2716 παρείχοντο
870 2638 971 2720 Τιγρό-

170 2749 227 2799 νην,
242 2722 327 2802 ἄνδρα
339 2723 546 2805 Ἀχαιμενίδην.
581 2725 742 2806 (ἐκαλέοντο
755 2725 785 2784 δὲ
799 2725 888 2784 πάλαι
901 2726 971 2803 πρός

168 2811 278 2872 πάντων
292 2811 395 2890 Ἄριοι·
417 2811 585 2889 ἀπικομένης
605 2813 635 2872 δὲ
654 2813 778 2889 Μηδείης
798 2818 849 2889 τῆς
863 2816 971 2894 Κολχί-

170 2900 267 2971 δοςἚ
237 2927 249 2958 ε
251 2899 446 2978 ξἈθηνέων’
434 2927 461 2964 ες
473 2927 538 2963 τους
547 2900 661 3007 Ἀρίους
673 2900 795 2970 τούτους,
809 2903 971 2977 μετέβαλον

170 2989 216 3048 καὶ
234 2987 310 3049 οὗτοι
329 3015 363 3048 το
384 2988 498 3064 οὔνομα·
521 2985 600 3046 οὗτοι
590 2987 650 3046 δὲ
670 3013 735 3064 περι
724 2986 880 3063 σφέων
860 3017 881 3046 ω
882 2989 970 3048 δελέ-

169 3101 254 3156 γουσι
275 3077 391 3156 Μῆδοι.)
433 3075 553 3134 Κίσσιοι
575 3073 604 3131 δέ
625 3073 842 3152 στρατευόμενοι
861 3076 897 3134 τοὶ
918 3080 970 3152 μὲν

170 3163 247 3222 ἅλλα
265 3163 387 3240 κατάπερ
401 3161 513 3271 Πέρσαι
534 3160 751 3222 ἐσκευάδατο·
733 3189 794 3222 αντι
784 3163 888 3220 δὲ
851 3189 905 3222 των
925 3164 970 3221 πί-

171 3253 236 3320 λων,
249 3247 457 3327 μιτρηφόροι’
439 3273 523 3322 ησαν.
566 3249 696 3308 Κισσίων
713 3249 779 3307 δὲ’
760 3275 830 3326 ηρχε
842 3248 970 3324 Ἀνάφης
