<?xml version="1.0" encoding="UTF-8"?>
<!DOCTYPE html PUBLIC "-//W3C//DTD XHTML 1.0 Transitional//EN"
    "http://www.w3.org/TR/xhtml1/DTD/xhtml1-transitional.dtd">
<html xmlns="http://www.w3.org/1999/xhtml" xml:lang="en" lang="en">
 <head>
  <title>
</title>
<meta http-equiv="Content-Type" content="text/html;charset=utf-8" />
  <meta name='ocr-system' content='tesseract 3.04.00' />
  <meta name='ocr-capabilities' content='ocr_page ocr_carea ocr_par ocr_line ocrx_word'/>
</head>
<body>
  <div class='ocr_page' id='page_1' title='image "./herodotusrecens01blakgoog_0282.png"; bbox 0 0 2280 3432; ppageno 0'>
   <div class='ocr_carea' id='block_1_1' title="bbox 124 97 1025 3333">
    <p class='ocr_par' dir='ltr' id='par_1_1' title="bbox 124 97 1025 3333">
     <span class='ocr_line' id='line_1_1' title="bbox 174 97 975 166; baseline -0.01 -12"><span class='ocrx_word' id='word_1_1' title='bbox 174 98 316 166; x_wconf 71' lang='grc' dir='ltr'>ιιι-ιιι]</span> <span class='ocrx_word' id='word_1_2' title='bbox 503 97 657 147; x_wconf 73' lang='grc' dir='ltr'>οτνκνικ.</span> <span class='ocrx_word' id='word_1_3' title='bbox 840 97 845 104; x_wconf 92' lang='grc'><strong><em>·</em></strong></span> <span class='ocrx_word' id='word_1_4' title='bbox 927 98 975 148; x_wconf 77' lang='grc' dir='ltr'>ιω</span> 
     </span>
     <span class='ocr_line' id='line_1_2' title="bbox 173 171 976 261; baseline -0.002 -21"><span class='ocrx_word' id='word_1_5' title='bbox 173 181 283 261; x_wconf 87' lang='grc' dir='ltr'>ἐγένετο</span> <span class='ocrx_word' id='word_1_6' title='bbox 301 175 413 254; x_wconf 82' lang='grc' dir='ltr'>άνδριάς</span> <span class='ocrx_word' id='word_1_7' title='bbox 433 176 503 260; x_wconf 76' lang='grc' dir='ltr'>ἔχων</span> <span class='ocrx_word' id='word_1_8' title='bbox 524 179 553 236; x_wconf 89' lang='grc' dir='ltr'>ἐν</span> <span class='ocrx_word' id='word_1_9' title='bbox 574 177 610 253; x_wconf 79' lang='grc' dir='ltr'>τῇ</span> <span class='ocrx_word' id='word_1_10' title='bbox 629 175 692 254; x_wconf 83' lang='grc' dir='ltr'>χερὶ</span> <span class='ocrx_word' id='word_1_11' title='bbox 712 171 882 253; x_wconf 73' lang='grc' dir='ltr'>ἀκρωτήριον</span> <span class='ocrx_word' id='word_1_12' title='bbox 901 175 976 252; x_wconf 82' lang='grc' dir='ltr'>νηδς,</span> 
     </span>
     <span class='ocr_line' id='line_1_3' title="bbox 174 261 977 347; baseline 0 -21"><span class='ocrx_word' id='word_1_13' title='bbox 174 267 225 326; x_wconf 75' lang='grc' dir='ltr'>ἐάν</span> <span class='ocrx_word' id='word_1_14' title='bbox 245 265 368 347; x_wconf 89' lang='grc' dir='ltr'>μέγαθος</span> <span class='ocrx_word' id='word_1_15' title='bbox 388 265 554 324; x_wconf 88' lang='grc' dir='ltr'>δυωκαίδεκα</span> <span class='ocrx_word' id='word_1_16' title='bbox 573 263 694 344; x_wconf 88' lang='grc' dir='ltr'>πήχεων·</span> <span class='ocrx_word' id='word_1_17' title='bbox 717 262 831 338; x_wconf 80' lang='grc' dir='ltr'>ἑστήκεε</span> <span class='ocrx_word' id='word_1_18' title='bbox 847 263 877 322; x_wconf 81' lang='grc' dir='ltr'>δὲ</span> <span class='ocrx_word' id='word_1_19' title='bbox 896 261 977 327; x_wconf 82' lang='grc' dir='ltr'>οὗτος</span> 
     </span>
     <span class='ocr_line' id='line_1_4' title="bbox 173 351 1023 432; baseline -0.006 -18"><span class='ocrx_word' id='word_1_20' title='bbox 173 359 209 432; x_wconf 80' lang='grc' dir='ltr'>τῇ</span> <span class='ocrx_word' id='word_1_21' title='bbox 222 380 274 431; x_wconf 91' lang='grc' dir='ltr'>περ</span> <span class='ocrx_word' id='word_1_22' title='bbox 293 352 464 414; x_wconf 83' lang='grc' dir='ltr'>ά.Μακεδών</span> <span class='ocrx_word' id='word_1_23' title='bbox 480 351 664 428; x_wconf 78' lang='grc' dir='ltr'>Ἀλέξανδρος</span> <span class='ocrx_word' id='word_1_24' title='bbox 678 352 694 412; x_wconf 81' lang='grc' dir='ltr'>ὁ</span> <span class='ocrx_word' id='word_1_25' title='bbox 707 351 837 431; x_wconf 82' lang='grc' dir='ltr'>χρύσεος.</span> <span class='ocrx_word' id='word_1_26' title='bbox 879 352 1023 428; x_wconf 52' lang='lat' dir='ltr'>Hip-122</span> 
     </span>
     <span class='ocr_line' id='line_1_5' title="bbox 174 439 976 520; baseline -0.002 -20"><span class='ocrx_word' id='word_1_27' title='bbox 174 451 281 520; x_wconf 68' lang='grc' dir='ltr'>ψαντεςΔ</span> <span class='ocrx_word' id='word_1_28' title='bbox 293 442 322 500; x_wconf 87' lang='grc' dir='ltr'>δὲ</span> <span class='ocrx_word' id='word_1_29' title='bbox 343 441 486 518; x_wconf 77' lang='grc' dir='ltr'>ἀκροθίνια</span> <span class='ocrx_word' id='word_1_30' title='bbox 507 443 533 499; x_wconf 82' lang='grc' dir='ltr'>οἱ</span> <span class='ocrx_word' id='word_1_31' title='bbox 548 439 688 516; x_wconf 83' lang='grc' dir='ltr'>Ἕλληνες</span> <span class='ocrx_word' id='word_1_32' title='bbox 704 445 732 503; x_wconf 93' lang='grc' dir='ltr'>ἐς</span> <span class='ocrx_word' id='word_1_33' title='bbox 751 439 891 516; x_wconf 78' lang='grc' dir='ltr'>Δελφοάς,</span> <span class='ocrx_word' id='word_1_34' title='bbox 906 445 976 499; x_wconf 91' lang='grc' dir='ltr'>ἐπει-</span> 
     </span>
     <span class='ocr_line' id='line_1_6' title="bbox 173 527 977 606; baseline -0.006 -15"><span class='ocrx_word' id='word_1_35' title='bbox 173 529 275 606; x_wconf 81' lang='grc' dir='ltr'>ράτεον</span> <span class='ocrx_word' id='word_1_36' title='bbox 301 529 351 590; x_wconf 83' lang='grc' dir='ltr'>τδν</span> <span class='ocrx_word' id='word_1_37' title='bbox 379 528 443 590; x_wconf 77' lang='grc' dir='ltr'>θεάν</span> <span class='ocrx_word' id='word_1_38' title='bbox 466 533 552 606; x_wconf 81' lang='grc' dir='ltr'>κοινῇ,</span> <span class='ocrx_word' id='word_1_39' title='bbox 578 532 601 588; x_wconf 85' lang='grc' dir='ltr'>εἰ</span> <span class='ocrx_word' id='word_1_40' title='bbox 624 527 770 604; x_wconf 82' lang='grc' dir='ltr'>λελάβηκε</span> <span class='ocrx_word' id='word_1_41' title='bbox 796 527 906 605; x_wconf 88' lang='grc' dir='ltr'>πλήρεα</span> <span class='ocrx_word' id='word_1_42' title='bbox 931 529 977 588; x_wconf 84' lang='grc' dir='ltr'>καὶ</span> 
     </span>
     <span class='ocr_line' id='line_1_7' title="bbox 124 613 977 694; baseline -0.002 -16"><span class='ocrx_word' id='word_1_43' title='bbox 124 619 126 629; x_wconf 72' lang='grc'><strong>’</strong></span> <span class='ocrx_word' id='word_1_44' title='bbox 174 615 281 694; x_wconf 70' lang='grc' dir='ltr'>ἀρεστά</span> <span class='ocrx_word' id='word_1_45' title='bbox 295 616 331 676; x_wconf 79' lang='grc' dir='ltr'>τά</span> <span class='ocrx_word' id='word_1_46' title='bbox 353 616 496 693; x_wconf 76' lang='grc' dir='ltr'>ἀκροθίνια</span> <span class='ocrx_word' id='word_1_47' title='bbox 505 641 513 684; x_wconf 87' lang='grc'><strong>;</strong></span> <span class='ocrx_word' id='word_1_48' title='bbox 536 615 552 675; x_wconf 82' lang='grc' dir='ltr'>ά</span> <span class='ocrx_word' id='word_1_49' title='bbox 572 615 601 674; x_wconf 85' lang='grc' dir='ltr'>δέ</span> <span class='ocrx_word' id='word_1_50' title='bbox 617 613 682 693; x_wconf 87' lang='grc' dir='ltr'>παρ’</span> <span class='ocrx_word' id='word_1_51' title='bbox 700 615 845 688; x_wconf 82' lang='grc' dir='ltr'>Ἑλλήνων</span> <span class='ocrx_word' id='word_1_52' title='bbox 857 618 910 693; x_wconf 83' lang='grc' dir='ltr'>μὲν</span> <span class='ocrx_word' id='word_1_53' title='bbox 922 620 977 676; x_wconf 78' lang='grc' dir='ltr'>τῶν</span> 
     </span>
     <span class='ocr_line' id='line_1_8' title="bbox 174 701 977 782; baseline -0.005 -15"><span class='ocrx_word' id='word_1_54' title='bbox 174 701 270 767; x_wconf 71' lang='grc' dir='ltr'>ἄλλων</span> <span class='ocrx_word' id='word_1_55' title='bbox 290 705 381 778; x_wconf 80' lang='grc' dir='ltr'>ἔφησε</span> <span class='ocrx_word' id='word_1_56' title='bbox 402 705 484 781; x_wconf 85' lang='grc' dir='ltr'>ἐχειν,</span> <span class='ocrx_word' id='word_1_57' title='bbox 505 703 571 780; x_wconf 89' lang='grc' dir='ltr'>παρ’</span> <span class='ocrx_word' id='word_1_58' title='bbox 592 704 759 782; x_wconf 79' lang='grc' dir='ltr'>Αἰγινητέων</span> <span class='ocrx_word' id='word_1_59' title='bbox 780 703 809 764; x_wconf 79' lang='grc' dir='ltr'>δέ</span> <span class='ocrx_word' id='word_1_60' title='bbox 830 703 872 764; x_wconf 75' lang='grc' dir='ltr'>οὔ·</span> <span class='ocrx_word' id='word_1_61' title='bbox 900 702 977 763; x_wconf 82' lang='grc' dir='ltr'>α’λλοὶ</span> 
     </span>
     <span class='ocr_line' id='line_1_9' title="bbox 174 788 976 868; baseline 0.001 -18"><span class='ocrx_word' id='word_1_62' title='bbox 174 790 290 851; x_wconf 84' lang='grc' dir='ltr'>α’παίτεε</span> <span class='ocrx_word' id='word_1_63' title='bbox 303 789 403 854; x_wconf 75' lang='grc' dir='ltr'>αὖτοῦς</span> <span class='ocrx_word' id='word_1_64' title='bbox 414 789 450 852; x_wconf 79' lang='grc' dir='ltr'>τά</span> <span class='ocrx_word' id='word_1_65' title='bbox 464 788 596 866; x_wconf 80' lang='grc' dir='ltr'>άριστήῖα</span> <span class='ocrx_word' id='word_1_66' title='bbox 609 795 659 864; x_wconf 81' lang='grc' dir='ltr'>τῆς</span> <span class='ocrx_word' id='word_1_67' title='bbox 673 794 701 848; x_wconf 84' lang='grc' dir='ltr'>ἐν</span> <span class='ocrx_word' id='word_1_68' title='bbox 718 792 858 866; x_wconf 78' lang='grc' dir='ltr'>Σαλαμῖνι</span> <span class='ocrx_word' id='word_1_69' title='bbox 874 818 976 868; x_wconf 86' lang='grc' dir='ltr'>ναυμα-</span> 
     </span>
     <span class='ocr_line' id='line_1_10' title="bbox 173 877 977 959; baseline 0 -21"><span class='ocrx_word' id='word_1_70' title='bbox 173 881 255 958; x_wconf 78' lang='grc' dir='ltr'>χίης,</span> <span class='ocrx_word' id='word_1_71' title='bbox 281 883 428 959; x_wconf 77' lang='grc' dir='ltr'>Αἰγινῆται</span> <span class='ocrx_word' id='word_1_72' title='bbox 456 877 485 936; x_wconf 82' lang='grc' dir='ltr'>δὲ</span> <span class='ocrx_word' id='word_1_73' title='bbox 511 877 671 954; x_wconf 89' lang='grc' dir='ltr'>πυθόμενοι,</span> <span class='ocrx_word' id='word_1_74' title='bbox 696 877 832 938; x_wconf 84' lang='grc' dir='ltr'>άνέθεσαν</span> <span class='ocrx_word' id='word_1_75' title='bbox 856 879 977 956; x_wconf 88' lang='grc' dir='ltr'>άστέρας</span> 
     </span>
     <span class='ocr_line' id='line_1_11' title="bbox 163 964 978 1046; baseline -0.007 -17"><span class='ocrx_word' id='word_1_76' title='bbox 163 1009 165 1013; x_wconf 93' lang='grc'>-</span> <span class='ocrx_word' id='word_1_77' title='bbox 173 969 319 1046; x_wconf 83' lang='grc' dir='ltr'>χρυσέους,</span> <span class='ocrx_word' id='word_1_78' title='bbox 335 965 362 1026; x_wconf 74' lang='grc' dir='ltr'>οἳ</span> <span class='ocrx_word' id='word_1_79' title='bbox 376 966 421 1026; x_wconf 84' lang='grc' dir='ltr'>ἐπὶ</span> <span class='ocrx_word' id='word_1_80' title='bbox 436 965 517 1024; x_wconf 78' lang='grc' dir='ltr'>ἱστοῦ</span> <span class='ocrx_word' id='word_1_81' title='bbox 529 964 653 1044; x_wconf 82' lang='grc' dir='ltr'>χαλκέου</span> <span class='ocrx_word' id='word_1_82' title='bbox 668 967 769 1024; x_wconf 81' lang='grc' dir='ltr'>ἑστᾶσι</span> <span class='ocrx_word' id='word_1_83' title='bbox 781 969 855 1042; x_wconf 85' lang='grc' dir='ltr'>τρεῖς</span> <span class='ocrx_word' id='word_1_84' title='bbox 869 967 914 1024; x_wconf 86' lang='grc' dir='ltr'>ἐπὶ</span> <span class='ocrx_word' id='word_1_85' title='bbox 927 971 978 1042; x_wconf 84' lang='grc' dir='ltr'>τῆς</span> 
     </span>
     <span class='ocr_line' id='line_1_12' title="bbox 174 1052 1024 1135; baseline 0 -22"><span class='ocrx_word' id='word_1_86' title='bbox 174 1056 282 1134; x_wconf 85' lang='grc' dir='ltr'>γωνίης,</span> <span class='ocrx_word' id='word_1_87' title='bbox 300 1053 446 1135; x_wconf 77' lang='grc' dir='ltr'>ἀγχοτάτω</span> <span class='ocrx_word' id='word_1_88' title='bbox 466 1057 516 1114; x_wconf 83' lang='grc' dir='ltr'>τοῦ</span> <span class='ocrx_word' id='word_1_89' title='bbox 537 1052 668 1130; x_wconf 89' lang='grc' dir='ltr'>Κροίσεω</span> <span class='ocrx_word' id='word_1_90' title='bbox 688 1056 831 1129; x_wconf 75' lang='grc' dir='ltr'>κρητῆρος.</span> <span class='ocrx_word' id='word_1_91' title='bbox 874 1055 1024 1114; x_wconf 77' lang='grc' dir='ltr'>Μετά123</span> 
     </span>
     <span class='ocr_line' id='line_1_13' title="bbox 175 1139 978 1219; baseline 0.002 -18"><span class='ocrx_word' id='word_1_92' title='bbox 175 1143 205 1201; x_wconf 86' lang='grc' dir='ltr'>δέ</span> <span class='ocrx_word' id='word_1_93' title='bbox 216 1142 268 1218; x_wconf 79' lang='grc' dir='ltr'>τήν</span> <span class='ocrx_word' id='word_1_94' title='bbox 281 1143 415 1219; x_wconf 85' lang='grc' dir='ltr'>διαίρεσιν</span> <span class='ocrx_word' id='word_1_95' title='bbox 425 1145 475 1218; x_wconf 79' lang='grc' dir='ltr'>τῆς</span> <span class='ocrx_word' id='word_1_96' title='bbox 487 1141 572 1216; x_wconf 80' lang='grc' dir='ltr'>ληίης,</span> <span class='ocrx_word' id='word_1_97' title='bbox 583 1141 690 1202; x_wconf 78' lang='grc' dir='ltr'>ἔπλωον</span> <span class='ocrx_word' id='word_1_98' title='bbox 701 1143 728 1200; x_wconf 79' lang='grc' dir='ltr'>οἱ</span> <span class='ocrx_word' id='word_1_99' title='bbox 735 1139 875 1216; x_wconf 85' lang='grc' dir='ltr'>Ἕλληνες</span> <span class='ocrx_word' id='word_1_100' title='bbox 888 1146 915 1205; x_wconf 90' lang='grc' dir='ltr'>ἐς</span> <span class='ocrx_word' id='word_1_101' title='bbox 927 1141 978 1203; x_wconf 84' lang='grc' dir='ltr'>τδν</span> 
     </span>
     <span class='ocr_line' id='line_1_14' title="bbox 174 1227 978 1310; baseline 0 -20"><span class='ocrx_word' id='word_1_102' title='bbox 174 1227 299 1307; x_wconf 83' lang='grc' dir='ltr'>Ἰσθμδν,</span> <span class='ocrx_word' id='word_1_103' title='bbox 320 1229 452 1306; x_wconf 85' lang='grc' dir='ltr'>άριστήϊα</span> <span class='ocrx_word' id='word_1_104' title='bbox 471 1228 607 1291; x_wconf 78' lang='grc' dir='ltr'>δώσοντες</span> <span class='ocrx_word' id='word_1_105' title='bbox 624 1233 662 1306; x_wconf 77' lang='grc' dir='ltr'>τῷ</span> <span class='ocrx_word' id='word_1_106' title='bbox 680 1227 821 1308; x_wconf 75' lang='grc' dir='ltr'>ἀξιωτάτῳ</span> <span class='ocrx_word' id='word_1_107' title='bbox 838 1230 978 1310; x_wconf 83' lang='grc' dir='ltr'>γενομένῳ</span> 
     </span>
     <span class='ocr_line' id='line_1_15' title="bbox 174 1315 978 1394; baseline -0.002 -16"><span class='ocrx_word' id='word_1_108' title='bbox 174 1315 320 1394; x_wconf 88' lang='grc' dir='ltr'>Ἑλλήνων</span> <span class='ocrx_word' id='word_1_109' title='bbox 334 1315 386 1377; x_wconf 83' lang='grc' dir='ltr'>άναὶ</span> <span class='ocrx_word' id='word_1_110' title='bbox 398 1316 448 1377; x_wconf 81' lang='grc' dir='ltr'>τάν</span> <span class='ocrx_word' id='word_1_111' title='bbox 461 1315 589 1394; x_wconf 83' lang='grc' dir='ltr'>πόλεμον</span> <span class='ocrx_word' id='word_1_112' title='bbox 601 1319 709 1378; x_wconf 82' lang='grc' dir='ltr'>τοῦτον·</span> <span class='ocrx_word' id='word_1_113' title='bbox 727 1316 762 1380; x_wconf 79' lang='grc' dir='ltr'>ὥς</span> <span class='ocrx_word' id='word_1_114' title='bbox 775 1316 978 1394; x_wconf 84' lang='grc' dir='ltr'>δέάπικάμενοι</span> 
     </span>
     <span class='ocr_line' id='line_1_16' title="bbox 175 1403 977 1486; baseline 0 -22"><span class='ocrx_word' id='word_1_115' title='bbox 175 1408 202 1464; x_wconf 85' lang='grc' dir='ltr'>οἱ</span> <span class='ocrx_word' id='word_1_116' title='bbox 216 1405 370 1486; x_wconf 78' lang='grc' dir='ltr'>στρατηγοὶ</span> <span class='ocrx_word' id='word_1_117' title='bbox 384 1405 509 1482; x_wconf 82' lang='grc' dir='ltr'>διένεμον</span> <span class='ocrx_word' id='word_1_118' title='bbox 521 1403 571 1468; x_wconf 81' lang='grc' dir='ltr'>τοὶς</span> <span class='ocrx_word' id='word_1_119' title='bbox 584 1403 696 1484; x_wconf 75' lang='grc' dir='ltr'>ψήφους</span> <span class='ocrx_word' id='word_1_120' title='bbox 715 1405 761 1464; x_wconf 83' lang='grc' dir='ltr'>ἐπὶ</span> <span class='ocrx_word' id='word_1_121' title='bbox 775 1409 825 1467; x_wconf 85' lang='grc' dir='ltr'>τοῦ</span> <span class='ocrx_word' id='word_1_122' title='bbox 843 1405 977 1464; x_wconf 90' lang='grc' dir='ltr'>Ποσειδέ-</span> 
     </span>
     <span class='ocr_line' id='line_1_17' title="bbox 175 1492 976 1574; baseline 0 -20"><span class='ocrx_word' id='word_1_123' title='bbox 175 1521 243 1558; x_wconf 91' lang='grc' dir='ltr'>ωνος</span> <span class='ocrx_word' id='word_1_124' title='bbox 263 1497 302 1574; x_wconf 74' lang='grc' dir='ltr'>τῷ</span> <span class='ocrx_word' id='word_1_125' title='bbox 321 1495 417 1574; x_wconf 83' lang='grc' dir='ltr'>βωμῷ,</span> <span class='ocrx_word' id='word_1_126' title='bbox 435 1494 486 1554; x_wconf 79' lang='grc' dir='ltr'>τάν</span> <span class='ocrx_word' id='word_1_127' title='bbox 508 1497 618 1570; x_wconf 75' lang='grc' dir='ltr'>πρῶτον</span> <span class='ocrx_word' id='word_1_128' title='bbox 636 1493 682 1553; x_wconf 87' lang='grc' dir='ltr'>καὶ</span> <span class='ocrx_word' id='word_1_129' title='bbox 702 1492 753 1555; x_wconf 81' lang='grc' dir='ltr'>τάν</span> <span class='ocrx_word' id='word_1_130' title='bbox 771 1493 898 1571; x_wconf 70' lang='grc' dir='ltr'>δαίτερον</span> <span class='ocrx_word' id='word_1_131' title='bbox 922 1494 976 1571; x_wconf 88' lang='grc' dir='ltr'>κρί-</span> 
     </span>
     <span class='ocr_line' id='line_1_18' title="bbox 174 1581 977 1662; baseline 0 -20"><span class='ocrx_word' id='word_1_132' title='bbox 174 1609 267 1647; x_wconf 86' lang='grc' dir='ltr'>νοντες</span> <span class='ocrx_word' id='word_1_133' title='bbox 289 1587 319 1642; x_wconf 86' lang='grc' dir='ltr'>ἐκ</span> <span class='ocrx_word' id='word_1_134' title='bbox 340 1582 459 1652; x_wconf 89' lang='grc' dir='ltr'>πάντων·</span> <span class='ocrx_word' id='word_1_135' title='bbox 495 1583 614 1643; x_wconf 81' lang='grc' dir='ltr'>ἐνθαῦτα</span> <span class='ocrx_word' id='word_1_136' title='bbox 637 1587 692 1646; x_wconf 83' lang='grc' dir='ltr'>πᾶς</span> <span class='ocrx_word' id='word_1_137' title='bbox 712 1608 753 1646; x_wconf 90' lang='grc' dir='ltr'>τις</span> <span class='ocrx_word' id='word_1_138' title='bbox 776 1581 867 1644; x_wconf 77' lang='grc' dir='ltr'>αὐτῶν</span> <span class='ocrx_word' id='word_1_139' title='bbox 888 1585 977 1662; x_wconf 75' lang='grc' dir='ltr'>ἑωυτῷ</span> 
     </span>
     <span class='ocr_line' id='line_1_19' title="bbox 175 1669 979 1751; baseline 0.005 -21"><span class='ocrx_word' id='word_1_140' title='bbox 175 1672 281 1732; x_wconf 80' lang='grc' dir='ltr'>ἐτίθετο</span> <span class='ocrx_word' id='word_1_141' title='bbox 301 1670 353 1748; x_wconf 79' lang='grc' dir='ltr'>τήν</span> <span class='ocrx_word' id='word_1_142' title='bbox 373 1675 480 1750; x_wconf 76' lang='grc' dir='ltr'>ψῆφον,</span> <span class='ocrx_word' id='word_1_143' title='bbox 502 1669 589 1734; x_wconf 77' lang='grc' dir='ltr'>αίτὸς·</span> <span class='ocrx_word' id='word_1_144' title='bbox 606 1671 723 1734; x_wconf 79' lang='grc' dir='ltr'>ἕκαστος</span> <span class='ocrx_word' id='word_1_145' title='bbox 744 1671 844 1731; x_wconf 85' lang='grc' dir='ltr'>δοκέων</span> <span class='ocrx_word' id='word_1_146' title='bbox 864 1669 979 1751; x_wconf 75' lang='grc' dir='ltr'>ἄριστος</span> 
     </span>
     <span class='ocr_line' id='line_1_20' title="bbox 174 1759 978 1840; baseline 0 -22"><span class='ocrx_word' id='word_1_147' title='bbox 174 1761 317 1840; x_wconf 87' lang='grc' dir='ltr'>γενέσθαι·</span> <span class='ocrx_word' id='word_1_148' title='bbox 338 1759 452 1837; x_wconf 81' lang='grc' dir='ltr'>δεύτερα</span> <span class='ocrx_word' id='word_1_149' title='bbox 466 1759 504 1830; x_wconf 78' lang='grc' dir='ltr'>δὲ,</span> <span class='ocrx_word' id='word_1_150' title='bbox 519 1763 546 1819; x_wconf 83' lang='grc' dir='ltr'>οἱ</span> <span class='ocrx_word' id='word_1_151' title='bbox 558 1759 664 1818; x_wconf 85' lang='grc' dir='ltr'>πολλοὶ</span> <span class='ocrx_word' id='word_1_152' title='bbox 682 1760 883 1828; x_wconf 84' lang='grc' dir='ltr'>συνεξέπιπτον</span> <span class='ocrx_word' id='word_1_153' title='bbox 896 1766 978 1836; x_wconf 83' lang='grc' dir='ltr'>Θεμι-</span> 
     </span>
     <span class='ocr_line' id='line_1_21' title="bbox 175 1846 978 1923; baseline 0 -17"><span class='ocrx_word' id='word_1_154' title='bbox 175 1849 300 1906; x_wconf 91' lang='grc' dir='ltr'>στοκλέα</span> <span class='ocrx_word' id='word_1_155' title='bbox 313 1848 456 1922; x_wconf 77' lang='grc' dir='ltr'>κρίνοντες.</span> <span class='ocrx_word' id='word_1_156' title='bbox 493 1849 584 1922; x_wconf 82' lang='grc' dir='ltr'>οἱμὲν</span> <span class='ocrx_word' id='word_1_157' title='bbox 598 1846 631 1920; x_wconf 84' lang='grc' dir='ltr'>δή</span> <span class='ocrx_word' id='word_1_158' title='bbox 646 1853 820 1922; x_wconf 81' lang='grc' dir='ltr'>ἐμουνοῦντο·</span> <span class='ocrx_word' id='word_1_159' title='bbox 841 1854 978 1923; x_wconf 80' lang='grc' dir='ltr'>Θεμιστο·</span> 
     </span>
     <span class='ocr_line' id='line_1_22' title="bbox 176 1932 1025 2010; baseline -0.001 -19"><span class='ocrx_word' id='word_1_160' title='bbox 176 1935 259 2008; x_wconf 87' lang='grc' dir='ltr'>κλέης</span> <span class='ocrx_word' id='word_1_161' title='bbox 280 1934 309 1991; x_wconf 86' lang='grc' dir='ltr'>δέ</span> <span class='ocrx_word' id='word_1_162' title='bbox 327 1934 505 2010; x_wconf 84' lang='grc' dir='ltr'>δευτερείοισι</span> <span class='ocrx_word' id='word_1_163' title='bbox 520 1932 733 2008; x_wconf 76' lang='grc' dir='ltr'>άπερεβάλλετο</span> <span class='ocrx_word' id='word_1_164' title='bbox 754 1933 873 1992; x_wconf 88' lang='grc' dir='ltr'>πολλάν.</span> <span class='ocrx_word' id='word_1_165' title='bbox 916 1933 958 1992; x_wconf 79' lang='grc' dir='ltr'>Οὔ</span> <span class='ocrx_word' id='word_1_166' title='bbox 969 1937 1025 1992; x_wconf 70' lang='grc'>124</span> 
     </span>
     <span class='ocr_line' id='line_1_23' title="bbox 175 2018 976 2100; baseline 0.001 -20"><span class='ocrx_word' id='word_1_167' title='bbox 175 2020 358 2096; x_wconf 84' lang='grc' dir='ltr'>βουλομένων</span> <span class='ocrx_word' id='word_1_168' title='bbox 374 2019 403 2077; x_wconf 87' lang='grc' dir='ltr'>δέ</span> <span class='ocrx_word' id='word_1_169' title='bbox 421 2022 510 2078; x_wconf 80' lang='grc' dir='ltr'>ταῦτα</span> <span class='ocrx_word' id='word_1_170' title='bbox 525 2019 626 2094; x_wconf 91' lang='grc' dir='ltr'>κρίνειν</span> <span class='ocrx_word' id='word_1_171' title='bbox 643 2023 698 2079; x_wconf 77' lang='grc' dir='ltr'>τῶν</span> <span class='ocrx_word' id='word_1_172' title='bbox 711 2018 855 2094; x_wconf 82' lang='grc' dir='ltr'>Ἑλλήνων</span> <span class='ocrx_word' id='word_1_173' title='bbox 873 2020 976 2100; x_wconf 76' lang='grc' dir='ltr'>φθάνω,</span> 
     </span>
     <span class='ocr_line' id='line_1_24' title="bbox 176 2103 978 2183; baseline 0.002 -17"><span class='ocrx_word' id='word_1_174' title='bbox 176 2105 242 2166; x_wconf 74' lang='grc' dir='ltr'>ἀλλ’</span> <span class='ocrx_word' id='word_1_175' title='bbox 255 2105 462 2165; x_wconf 86' lang='grc' dir='ltr'>άποπλωόντων</span> <span class='ocrx_word' id='word_1_176' title='bbox 478 2103 602 2164; x_wconf 83' lang='grc' dir='ltr'>ἑκάστων</span> <span class='ocrx_word' id='word_1_177' title='bbox 619 2104 646 2168; x_wconf 88' lang='grc' dir='ltr'>ἐς</span> <span class='ocrx_word' id='word_1_178' title='bbox 662 2105 714 2181; x_wconf 83' lang='grc' dir='ltr'>τήν</span> <span class='ocrx_word' id='word_1_179' title='bbox 730 2110 835 2166; x_wconf 81' lang='grc' dir='ltr'>ἑωυτῶν</span> <span class='ocrx_word' id='word_1_180' title='bbox 853 2105 978 2183; x_wconf 85' lang='grc' dir='ltr'>οἷκρίτων,</span> 
     </span>
     <span class='ocr_line' id='line_1_25' title="bbox 176 2191 979 2272; baseline 0 -18"><span class='ocrx_word' id='word_1_181' title='bbox 176 2193 250 2272; x_wconf 79' lang='grc' dir='ltr'>ὅμως</span> <span class='ocrx_word' id='word_1_182' title='bbox 272 2194 481 2271; x_wconf 83' lang='grc' dir='ltr'>Θεμιστοκλέης</span> <span class='ocrx_word' id='word_1_183' title='bbox 505 2191 621 2270; x_wconf 84' lang='grc' dir='ltr'>ἐβιάσθη</span> <span class='ocrx_word' id='word_1_184' title='bbox 647 2219 679 2254; x_wconf 89' lang='grc' dir='ltr'>τε</span> <span class='ocrx_word' id='word_1_185' title='bbox 700 2195 746 2252; x_wconf 82' lang='grc' dir='ltr'>καὶ</span> <span class='ocrx_word' id='word_1_186' title='bbox 768 2193 889 2269; x_wconf 72' lang='grc' dir='ltr'>ἐδοξώθη</span> <span class='ocrx_word' id='word_1_187' title='bbox 904 2195 979 2268; x_wconf 50' lang='grc' dir='ltr'>,εἶναι</span> 
     </span>
     <span class='ocr_line' id='line_1_26' title="bbox 176 2281 979 2362; baseline 0 -20"><span class='ocrx_word' id='word_1_188' title='bbox 176 2281 245 2362; x_wconf 78' lang='grc' dir='ltr'>ἀνήρ</span> <span class='ocrx_word' id='word_1_189' title='bbox 265 2281 377 2344; x_wconf 80' lang='grc' dir='ltr'>πολλάν</span> <span class='ocrx_word' id='word_1_190' title='bbox 392 2281 538 2358; x_wconf 84' lang='grc' dir='ltr'>Ἑλλήνων</span> <span class='ocrx_word' id='word_1_191' title='bbox 558 2281 724 2357; x_wconf 75' lang='grc' dir='ltr'>σοφώτατος</span> <span class='ocrx_word' id='word_1_192' title='bbox 744 2281 797 2342; x_wconf 83' lang='grc' dir='ltr'>άνά</span> <span class='ocrx_word' id='word_1_193' title='bbox 814 2287 911 2343; x_wconf 81' lang='grc' dir='ltr'>πᾶσαν</span> <span class='ocrx_word' id='word_1_194' title='bbox 927 2283 979 2358; x_wconf 83' lang='grc' dir='ltr'>τήν</span> 
     </span>
     <span class='ocr_line' id='line_1_27' title="bbox 175 2369 979 2448; baseline -0.002 -14"><span class='ocrx_word' id='word_1_195' title='bbox 175 2370 311 2434; x_wconf 86' lang='grc' dir='ltr'>Ἑλλάδα.</span> <span class='ocrx_word' id='word_1_196' title='bbox 353 2372 397 2434; x_wconf 84' lang='grc' dir='ltr'>ὅτι</span> <span class='ocrx_word' id='word_1_197' title='bbox 416 2371 446 2432; x_wconf 87' lang='grc' dir='ltr'>δὲ</span> <span class='ocrx_word' id='word_1_198' title='bbox 466 2373 548 2432; x_wconf 81' lang='grc' dir='ltr'>νικῶν</span> <span class='ocrx_word' id='word_1_199' title='bbox 569 2369 619 2431; x_wconf 78' lang='grc' dir='ltr'>οὐκ</span> <span class='ocrx_word' id='word_1_200' title='bbox 642 2370 759 2448; x_wconf 89' lang='grc' dir='ltr'>ἐτιμήθη</span> <span class='ocrx_word' id='word_1_201' title='bbox 779 2371 850 2448; x_wconf 80' lang='grc' dir='ltr'>πρὸς</span> <span class='ocrx_word' id='word_1_202' title='bbox 875 2376 930 2432; x_wconf 84' lang='grc' dir='ltr'>τῶν</span> <span class='ocrx_word' id='word_1_203' title='bbox 950 2377 979 2432; x_wconf 89' lang='grc' dir='ltr'>ἐν</span> 
     </span>
     <span class='ocr_line' id='line_1_28' title="bbox 177 2457 979 2540; baseline -0.004 -15"><span class='ocrx_word' id='word_1_204' title='bbox 177 2462 317 2537; x_wconf 74' lang='grc' dir='ltr'>Σαλαμῖνι</span> <span class='ocrx_word' id='word_1_205' title='bbox 340 2458 587 2540; x_wconf 80' lang='grc' dir='ltr'>ναυμαχησάντων,</span> <span class='ocrx_word' id='word_1_206' title='bbox 612 2458 711 2520; x_wconf 70' lang='grc' dir='ltr'>αιἰτίκα</span> <span class='ocrx_word' id='word_1_207' title='bbox 737 2457 809 2536; x_wconf 80' lang='grc' dir='ltr'>μετά</span> <span class='ocrx_word' id='word_1_208' title='bbox 836 2464 924 2520; x_wconf 82' lang='grc' dir='ltr'>ταῦτα</span> <span class='ocrx_word' id='word_1_209' title='bbox 951 2465 979 2523; x_wconf 89' lang='grc' dir='ltr'>ἐς</span> 
     </span>
     <span class='ocr_line' id='line_1_29' title="bbox 176 2549 978 2626; baseline 0 -18"><span class='ocrx_word' id='word_1_210' title='bbox 176 2549 372 2626; x_wconf 88' lang='grc' dir='ltr'>Λακεδαίμονα</span> <span class='ocrx_word' id='word_1_211' title='bbox 397 2549 520 2619; x_wconf 87' lang='grc' dir='ltr'>α’πίκετο,</span> <span class='ocrx_word' id='word_1_212' title='bbox 543 2549 632 2610; x_wconf 90' lang='grc' dir='ltr'>θέλων</span> <span class='ocrx_word' id='word_1_213' title='bbox 657 2549 816 2625; x_wconf 79' lang='grc' dir='ltr'>τιμηθῆναι·</span> <span class='ocrx_word' id='word_1_214' title='bbox 860 2550 909 2608; x_wconf 91' lang='grc' dir='ltr'>καί</span> <span class='ocrx_word' id='word_1_215' title='bbox 929 2575 978 2625; x_wconf 89' lang='grc' dir='ltr'>μιν</span> 
     </span>
     <span class='ocr_line' id='line_1_30' title="bbox 176 2635 979 2716; baseline 0.002 -24"><span class='ocrx_word' id='word_1_216' title='bbox 176 2635 390 2712; x_wconf 85' lang='grc' dir='ltr'>Λακεδαιμόνιοι</span> <span class='ocrx_word' id='word_1_217' title='bbox 412 2640 503 2700; x_wconf 79' lang='grc' dir='ltr'>καλῶς</span> <span class='ocrx_word' id='word_1_218' title='bbox 525 2638 577 2714; x_wconf 76' lang='grc' dir='ltr'>μὲν</span> <span class='ocrx_word' id='word_1_219' title='bbox 600 2636 775 2707; x_wconf 75' lang='grc' dir='ltr'>ὑπεδέξαντο,</span> <span class='ocrx_word' id='word_1_220' title='bbox 799 2636 928 2716; x_wconf 89' lang='grc' dir='ltr'>μεγάλως</span> <span class='ocrx_word' id='word_1_221' title='bbox 949 2637 979 2695; x_wconf 86' lang='grc' dir='ltr'>δὲ</span> 
     </span>
     <span class='ocr_line' id='line_1_31' title="bbox 177 2723 978 2803; baseline 0.004 -23"><span class='ocrx_word' id='word_1_222' title='bbox 177 2723 323 2799; x_wconf 88' lang='grc' dir='ltr'>ἐτίμησαν·</span> <span class='ocrx_word' id='word_1_223' title='bbox 364 2723 497 2801; x_wconf 86' lang='grc' dir='ltr'>οἷριστήῖα</span> <span class='ocrx_word' id='word_1_224' title='bbox 522 2726 575 2801; x_wconf 90' lang='grc' dir='ltr'>μέν</span> <span class='ocrx_word' id='word_1_225' title='bbox 601 2751 649 2785; x_wconf 94' lang='grc' dir='ltr'>νυν</span> <span class='ocrx_word' id='word_1_226' title='bbox 679 2724 780 2784; x_wconf 78' lang='grc' dir='ltr'>ἔδοσαν</span> <span class='ocrx_word' id='word_1_227' title='bbox 807 2723 978 2803; x_wconf 80' lang='grc' dir='ltr'>Εὐρυβιάδῃ,</span> 
     </span>
     <span class='ocr_line' id='line_1_32' title="bbox 178 2810 978 2890; baseline 0.001 -22"><span class='ocrx_word' id='word_1_228' title='bbox 178 2810 273 2886; x_wconf 82' lang='grc' dir='ltr'>ἐλαίης</span> <span class='ocrx_word' id='word_1_229' title='bbox 294 2812 446 2888; x_wconf 84' lang='grc' dir='ltr'>στέφανον·</span> <span class='ocrx_word' id='word_1_230' title='bbox 470 2813 575 2888; x_wconf 84' lang='grc' dir='ltr'>σοφίης</span> <span class='ocrx_word' id='word_1_231' title='bbox 596 2813 625 2872; x_wconf 82' lang='grc' dir='ltr'>δὲ</span> <span class='ocrx_word' id='word_1_232' title='bbox 643 2813 690 2872; x_wconf 82' lang='grc' dir='ltr'>καὶ</span> <span class='ocrx_word' id='word_1_233' title='bbox 712 2813 875 2889; x_wconf 81' lang='grc' dir='ltr'>δεξιότητος,</span> <span class='ocrx_word' id='word_1_234' title='bbox 897 2819 978 2890; x_wconf 83' lang='grc' dir='ltr'>Θεμι-</span> 
     </span>
     <span class='ocr_line' id='line_1_33' title="bbox 177 2898 981 2978; baseline 0 -20"><span class='ocrx_word' id='word_1_235' title='bbox 177 2901 302 2968; x_wconf 82' lang='grc' dir='ltr'>στοκλέί,</span> <span class='ocrx_word' id='word_1_236' title='bbox 317 2899 363 2958; x_wconf 85' lang='grc' dir='ltr'>καὶ</span> <span class='ocrx_word' id='word_1_237' title='bbox 374 2898 463 2978; x_wconf 76' lang='grc' dir='ltr'>τούτῳ</span> <span class='ocrx_word' id='word_1_238' title='bbox 476 2900 619 2976; x_wconf 85' lang='grc' dir='ltr'>στέφανον</span> <span class='ocrx_word' id='word_1_239' title='bbox 632 2902 735 2976; x_wconf 83' lang='grc' dir='ltr'>ἐλαίης·</span> <span class='ocrx_word' id='word_1_240' title='bbox 758 2900 932 2978; x_wconf 89' lang='grc' dir='ltr'>ἐδωρήσαντο</span> <span class='ocrx_word' id='word_1_241' title='bbox 949 2900 981 2958; x_wconf 92' lang='grc' dir='ltr'>δέ</span> 
     </span>
     <span class='ocr_line' id='line_1_34' title="bbox 176 2984 979 3066; baseline 0.009 -24"><span class='ocrx_word' id='word_1_242' title='bbox 176 3009 225 3062; x_wconf 91' lang='grc' dir='ltr'>μιν</span> <span class='ocrx_word' id='word_1_243' title='bbox 242 2984 299 3064; x_wconf 80' lang='grc' dir='ltr'>ὄχῳ</span> <span class='ocrx_word' id='word_1_244' title='bbox 318 2990 356 3064; x_wconf 79' lang='grc' dir='ltr'>τῷ</span> <span class='ocrx_word' id='word_1_245' title='bbox 373 2991 402 3046; x_wconf 94' lang='grc' dir='ltr'>ἐν</span> <span class='ocrx_word' id='word_1_246' title='bbox 417 2986 533 3066; x_wconf 77' lang='grc' dir='ltr'>Σπάρτη</span> <span class='ocrx_word' id='word_1_247' title='bbox 553 2987 800 3048; x_wconf 80' lang='grc' dir='ltr'>καλλιστεύσαντι·</span> <span class='ocrx_word' id='word_1_248' title='bbox 822 2988 979 3050; x_wconf 87' lang='grc' dir='ltr'>αἰνέσαντες</span> 
     </span>
     <span class='ocr_line' id='line_1_35' title="bbox 177 3073 978 3153; baseline 0.002 -21"><span class='ocrx_word' id='word_1_249' title='bbox 177 3073 207 3132; x_wconf 83' lang='grc' dir='ltr'>δὲ</span> <span class='ocrx_word' id='word_1_250' title='bbox 220 3073 327 3146; x_wconf 80' lang='grc' dir='ltr'>πολλά,</span> <span class='ocrx_word' id='word_1_251' title='bbox 340 3075 525 3153; x_wconf 77' lang='grc' dir='ltr'>προέπεμψαν</span> <span class='ocrx_word' id='word_1_252' title='bbox 539 3075 656 3136; x_wconf 84' lang='grc' dir='ltr'>άπιάντα</span> <span class='ocrx_word' id='word_1_253' title='bbox 670 3075 827 3153; x_wconf 86' lang='grc' dir='ltr'>τριηκόσιοι</span> <span class='ocrx_word' id='word_1_254' title='bbox 839 3077 978 3152; x_wconf 74' lang='grc' dir='ltr'>Σπαρτιη-</span> 
     </span>
     <span class='ocr_line' id='line_1_36' title="bbox 176 3160 979 3245; baseline 0 -23"><span class='ocrx_word' id='word_1_255' title='bbox 176 3163 245 3224; x_wconf 89' lang='grc' dir='ltr'>τέων</span> <span class='ocrx_word' id='word_1_256' title='bbox 264 3161 391 3245; x_wconf 88' lang='grc' dir='ltr'>λογάδες,</span> <span class='ocrx_word' id='word_1_257' title='bbox 406 3160 482 3222; x_wconf 81' lang='grc' dir='ltr'>οὗτοι</span> <span class='ocrx_word' id='word_1_258' title='bbox 503 3164 582 3240; x_wconf 81' lang='grc' dir='ltr'>οἷπερ</span> <span class='ocrx_word' id='word_1_259' title='bbox 604 3165 699 3228; x_wconf 80' lang='grc' dir='ltr'>ἱππέες</span> <span class='ocrx_word' id='word_1_260' title='bbox 719 3164 874 3238; x_wconf 89' lang='grc' dir='ltr'>καλέονται,</span> <span class='ocrx_word' id='word_1_261' title='bbox 895 3164 979 3243; x_wconf 89' lang='grc' dir='ltr'>μέχρι</span> 
     </span>
     <span class='ocr_line' id='line_1_37' title="bbox 178 3250 979 3333; baseline 0.002 -23"><span class='ocrx_word' id='word_1_262' title='bbox 178 3251 264 3331; x_wconf 76' lang='grc' dir='ltr'>οὔρων</span> <span class='ocrx_word' id='word_1_263' title='bbox 282 3255 337 3316; x_wconf 83' lang='grc' dir='ltr'>τῶν</span> <span class='ocrx_word' id='word_1_264' title='bbox 357 3255 536 3333; x_wconf 78' lang='grc' dir='ltr'>Τεγεητικῶν.</span> <span class='ocrx_word' id='word_1_265' title='bbox 577 3257 680 3328; x_wconf 82' lang='grc' dir='ltr'>μοῦνον</span> <span class='ocrx_word' id='word_1_266' title='bbox 698 3252 732 3327; x_wconf 81' lang='grc' dir='ltr'>δή</span> <span class='ocrx_word' id='word_1_267' title='bbox 751 3255 852 3311; x_wconf 78' lang='grc' dir='ltr'>τοῦτον</span> <span class='ocrx_word' id='word_1_268' title='bbox 869 3250 979 3312; x_wconf 86' lang='grc' dir='ltr'>πάντων</span> 
     </span>
    </p>
   </div>
   <div class='ocr_carea' id='block_1_2' title="bbox 0 0 1149 3432">
    <p class='ocr_par' dir='ltr' id='par_1_2' title="bbox 0 0 1149 3432">
     <span class='ocr_line' id='line_1_38' title="bbox 0 0 1149 3432; baseline 0 0"><span class='ocrx_word' id='word_1_269' title='bbox 0 0 1149 3432; x_wconf 95' lang='lat' dir='ltr'> </span> 
     </span>
    </p>
   </div>
  </div>
 </body>
</html>
