2204 3430
153 153 262 218 ιιι-32]
451 154 660 206 αυταικονιι.
925 157 954 202 13

145 235 225 296 ,νέαςτ
244 237 344 293 τοῦτον
362 232 399 294 ὧν
417 233 502 293 δοκέω
519 233 570 293 τόν
588 233 674 310 ἄνδρα
694 231 825 309 ποιήσειν
844 235 900 292 τῶν
919 229 954 292 ἂν

151 321 332 401 χρηίζωμεν.”
345 327 433 382 ταῦτα
444 321 613 384 ἀκούσαντες
623 325 650 380 οἱ
660 321 763 391 Νάξιοι
773 321 954 398 προσέθεσαν

151 415 189 488 τῷ
209 409 400 489 Ἀρισταγόρῃ
423 411 565 488 πρήσσειν
587 407 606 488 ᾖ
631 409 741 470 δύναιτο
765 407 878 487 ἄριστα·
907 401 953 468 καὶ

151 497 326 578 ὑπίσχεσθαι
340 499 414 575 δῶρα
429 499 557 558 ἐκέλευον
575 499 621 558 καὶ
636 497 761 575 δαπάνην
774 502 810 578 τῇ
823 502 952 577 στρατιῇ,

152 584 187 648 οἷς
199 586 278 646 αὐτοὶ
292 586 481 649 διαλύσοντες·
502 587 617 649 ε’λπίδας
629 585 741 650 πολλάς
754 587 870 664 ἔχοντες,
886 585 952 646 ὅταν

151 675 323 750 ἐπιφανέωσι
337 680 364 738 ἐς
376 674 428 750 τήν
441 673 538 745 Νάξον
551 674 643 734 πάντα
656 673 785 750 ποιήσειν
798 673 862 736 τούς
875 673 951 743 Ναξ-

152 761 209 824 ίους
225 761 261 821 τοὶ
279 761 313 823 ἂν
332 762 410 822 αὐτοὶ
431 762 573 832 κελεύωσι,
593 761 628 825 ὣς
648 761 744 846 δὲκαὶ
762 761 826 824 τούς
846 761 952 824 ἄλλους

151 850 297 924 νησιώτας·
320 849 449 930 τῶνγὰρ
469 851 562 926 νήσων
582 850 700 910 τουτέων
719 852 775 909 τῶν
796 848 951 909 Κυκλάδων

152 935 266 1013 οὐδεμία
280 964 317 996 κω
330 936 365 1012 ἦν
377 936 432 996 ὐπὸ
447 939 563 1015 Δαρείῳ.

191 1023 375 1100 Ἀπικόμενος
385 1023 414 1082 δὲ
424 1023 439 1083 ὁ
449 1022 654 1104 Ἀρισταγόρης
665 1028 691 1086 ές
701 1025 751 1088 τὰς
764 1024 865 1100 Σάρδις
874 1027 950 1105 λέγει
959 1028 995 1084 31

151 1111 222 1187 πρός
236 1109 286 1171 τόν
298 1111 496 1190 Ἀρταφέρνεα,
512 1111 547 1174 οἷς
567 1111 661 1181 Νάξος
678 1112 719 1187 εἴη
733 1115 819 1187 νῆσος
834 1111 951 1193 μεγάθεΐ

151 1200 204 1274 μέν
221 1198 254 1259 οὐ
273 1199 393 1281 μεγάλη,
414 1197 507 1262 άλλως
529 1199 558 1258 δέ
579 1198 655 1275 καλή
675 1225 705 1259 τε
726 1199 772 1258 καὶ
791 1197 883 1280 ἀγαθή
904 1201 950 1258 καὶ

152 1285 244 1367 α’γχοῦ
255 1287 366 1364 Ἰωνίης,
376 1286 508 1367 χρήματα
518 1287 547 1346 δὲ
557 1288 595 1348 ένι
605 1287 710 1361 πολλά,
724 1288 769 1346 καὶ
780 1285 946 1364 α’νδράποδα.

152 1383 170 1410 “
179 1375 216 1435 σύ
230 1374 267 1435 ὦν
280 1376 325 1434 ἐπὶ
338 1375 440 1451 ταύτην
449 1374 501 1451 τήν
512 1374 606 1454 χώρην
616 1373 807 1452 στρατηλάτεε
821 1375 949 1456 κατάγων

152 1467 180 1526 ές
202 1462 287 1541 αὐτήν
309 1464 374 1527 τούς
397 1462 523 1544 φυγάδας
547 1464 579 1533 ἐξ
601 1463 695 1540 αὐτῆς·
723 1465 769 1523 καὶ
792 1465 837 1524 τοὶ
860 1469 949 1525 ταῦτα
993 1498 996 1504 ’

150 1551 300 1628 ποιήσαντι
312 1555 395 1611 τοῦτο
411 1553 463 1629 μέν
476 1556 536 1610 ε’στι
550 1555 648 1628 ἑτοῖμα
663 1551 728 1630 παρ’
742 1553 804 1630 ἐμοὶ
816 1551 949 1631 χρήματα

150 1638 262 1720 μεγάλα
293 1637 382 1716 πάρεξ
410 1643 466 1700 τῶν
495 1637 727 1716 ἀναισιμωμάτων
753 1643 790 1720 τῇ
819 1645 948 1720 στρατιῇ·

151 1725 248 1805 (ταῦτα
260 1729 312 1804 μὲν
321 1726 375 1808 γάρ
386 1727 478 1786 δίκαια
491 1726 578 1803 ήμέας
587 1727 652 1791 τούς
665 1727 783 1809 ἄγοντας
792 1729 948 1810 παρέχειν)

150 1817 233 1874 τοῦτο
241 1815 270 1874 δὲ
277 1815 378 1890 νήσους
385 1814 579 1892 προσκτήσεαι
587 1817 708 1890 βασιλέϊ
718 1815 842 1892 αὐτήντε
850 1816 947 1886 Νάξον

151 1902 197 1960 καὶ
209 1902 260 1966 τάς
273 1907 303 1960 ἐκ
317 1903 417 1978 ταύτης
429 1902 594 1978 ἠρτημένας,
609 1902 707 1978 Πάρον
719 1929 750 1964 τε
768 1903 813 1960 καὶ
826 1901 947 1981 ’Ἀνδρον

151 1991 197 2048 καὶ
217 1988 315 2058 ἄλλας,
333 1989 383 2050 τάς
403 1987 553 2050 Κυκλάδας
574 1989 753 2065 καλευμένας·
775 1989 899 2049 ἐνθεῦτεν
918 1991 947 2051 δὲ

150 2076 331 2154 ὄρμειόμενος,
341 2075 472 2138 εὐπετέως
485 2073 634 2150 ἐπιθήσεαι
646 2075 766 2155 Εὐβοίῃ,
777 2075 853 2156 νήσῳ
862 2080 947 2159 μεγά-

149 2169 188 2242 λη
198 2189 229 2224 τε
243 2164 289 2222 καὶ
301 2161 448 2241 εὐδαίμονι,
459 2162 509 2222 οὐκ
520 2162 657 2224 ἐλάσσονι
670 2163 788 2242 Κάπρου
802 2165 848 2224 καὶ
860 2165 947 2244 κάρτα

150 2252 259 2312 εὐπετέϊ
270 2253 420 2330 αἱρεθῆναι.
454 2251 602 2332 ἀποχρῶσι
618 2252 648 2312 δὲ
665 2252 764 2313 έκατόν
777 2254 834 2318 νέες
846 2255 948 2321 ταύτας

462 2339 660 2364 ῚΏΙΚΏΙ

148 2340 243 2405 πάσας
259 2340 461 2422 χειρώσασθαι.
511 2368 526 2400 ο
546 2340 576 2400 δε
592 2344 727 2419 αμειβετο
744 2341 827 2403 αὐτόν
840 2345 946 2404 τοῖσδε·

148 2429 211 2489 “σύ
226 2435 253 2494 ἔς
266 2429 342 2490 οἶκον
354 2428 403 2490 τόν
415 2431 554 2506 βασιλέος
568 2429 703 2510 ἐξηγητής
715 2432 805 2512 γίνεαι
818 2433 946 2514 πρηγμά-

147 2540 201 2577 των
221 2517 340 2600 άγαθῶν,
357 2519 404 2576 καὶ
423 2523 511 2578 ταῦτα
532 2517 560 2576 εὖ
581 2519 737 2595 παραινέεις
756 2519 849 2579 πάντα
869 2521 947 2597 πλήν

147 2609 202 2666 τῶν
210 2611 278 2666 νεῶν
287 2609 338 2666 τοῦ
350 2605 480 2684 α’ριθμοΰ·
492 2604 558 2665 ’άντὶ
571 2605 601 2664 δὲ
611 2604 709 2666 ἑκατόν
718 2611 794 2676 νεῶν,
806 2608 950 2684 διηκόσιαί

146 2719 190 2754 τοι
210 2697 315 2772 έτοῖμοι
336 2696 448 2754 ἔσονται
467 2691 526 2770 ἅμα
545 2698 583 2772 τῷ
603 2695 671 2772 ἔαρι,
713 2694 755 2754 δεῖ
774 2695 804 2754 δὲ
821 2695 947 2756 τούτοισι

147 2783 193 2840 καὶ
211 2782 296 2843 αὐτόν
315 2783 442 2858 βασιλέα
460 2783 626 2842 συνέπαινον
645 2781 800 2864 γίνέσθαι.”
840 2781 874 2842 ‘O
895 2787 946 2860 μὲν
955 2785 993 2840 33

147 2869 181 2944 δή
202 2868 406 2950 Ἀρισταγόρης
426 2869 462 2932 ὦς
481 2873 569 2929 ταῦτα
588 2869 692 2944 ἤκουσε
712 2869 866 2948 περιχαρής
887 2871 946 2937 ἒών,

146 2957 231 3033 α’πήῖε
245 2961 272 3020 ἒς
284 2959 424 3032 Μίλητον·
441 2956 457 3016 ό
471 2957 501 3016 δὲ
512 2955 712 3035 Ἀρταφέρνης,
724 2957 759 3020 ὥς
770 2960 796 3016 οἱ
805 2957 948 3030 πέμψαντι

147 3038 298 3109 ε’ςΙΣοῦσα
320 3044 366 3102 καὶ
388 3043 533 3121 ὐπερθέντι
556 3044 592 3104 τοὶ
616 3049 646 3102 ἐκ
669 3047 720 3102 τοῦ
741 3037 948 3116 Ἀρισταγόρεω

145 3131 287 3214 λεγόμενα
311 3130 476 3193 συνέπαινος
503 3130 549 3207 καὶ
576 3129 659 3192 αὐτός
686 3131 804 3202 Δαρεῖος
830 3122 948 3198 ἐγένετο,

146 3218 380 3298 παρεσκευάσατο
400 3219 452 3294 μὲν
472 3218 615 3294 διηκοσίας
634 3213 771 3290 τριήρεας,
788 3203 900 3308 πθλλέν
920 3203 950 3296 δὲ

147 3309 235 3386 κάρτα
248 3309 350 3387 ὅμιλον
360 3307 495 3383 Περσέων
507 3331 538 3366 τε
552 3305 597 3364 καὶ
610 3305 665 3362 τῶν
678 3297 774 3356 ἄλλων
784 3311 939 3364 συμμαχων
