2240 3424
969 49 974 64 .
1008 45 1017 62 .

157 102 265 166 ιι-ιο]
467 98 656 152 κιιιιοιιιι.
906 99 954 150 τοι

155 178 190 255 δὴ
204 179 359 261 φεύγοντας
372 178 418 238 καὶ
431 177 535 239 στάσιν
549 177 727 242 ἐκλείποντας
738 177 824 255 ύμέας
837 176 954 254 εἴδομεν,

102 323 108 337 x
156 271 185 327 ἐν
196 266 375 343 Ἀθηναίοισί
384 292 415 326 τε
427 265 479 344 τὴν
491 265 645 345 πρόπειραν
657 267 842 343 ποιευμένους,
857 263 956 330 αιῖτούς

154 380 186 415 τε
199 353 278 415 ἀντία
291 355 397 416 δούλων
415 359 470 415 τοῖν
489 355 629 433 ἡμετέρων
644 355 847 432 τασσομένους·
867 357 956 414 ταῦτα

155 441 280 520 οὐδαμῶς
292 442 398 521 ἀνδρῶν
411 441 524 525 ἀγαθοῖν
538 444 614 525 ἔργα·
636 440 712 502 ἀλλὰ
725 445 862 502 πλεῖστον
878 440 912 518 δὴ
927 447 956 502 ἐν

154 529 219 606 ύμῖν
239 531 424 610 ἐψεύσθημεν.
465 529 684 608 προσδεκόμενοι
703 529 758 611 γὰρ
775 527 845 590 κατά
865 529 954 600 κλέος,

155 617 190 681 οἱς
208 618 242 694 δὴ
260 620 385 698 πέμψετε
404 623 431 682 ἐς
447 618 536 696 ἡμέας
554 619 658 696 κήρυκα
676 617 897 696 προκαλεύμενοι
910 618 955 677 καὶ

153 706 325 784 βουλόμενοι
358 705 488 784 μούνοισι
521 707 655 784 Πέρσῃσι
687 705 838 784 μάχεσθαι,
865 705 955 783 ἄρτιοι

154 792 244 856 ἐόντες
261 794 364 854 ποιέειν
381 799 478 868 ταῦτα,
495 793 573 854 οιῖδέν
590 797 701 854 τοιοῦτο
718 793 853 873 λέγοντας
869 793 955 871 ὖμέιις

154 881 276 958 εὕρομεν,
290 881 368 941 άλλιὶ
380 881 564 944 πτώσσοντας
575 885 698 958 μᾶλλον.
739 884 789 940 νῦν
808 878 845 940 ὦν
860 881 954 958 ἐπειδὴ

154 968 204 1028 ούκ
226 969 303 1046 ὑμεῖς
329 969 431 1046 ἤρξατε
457 967 557 1030 τούτου
583 973 635 1028 τοῦ
662 966 758 1048 λόγου,
782 965 847 1026 ἀλλ’
874 967 954 1044 ἡμεῖς

153 1054 284 1136 ἄρχομεν,
297 1058 327 1116 τί
338 1057 372 1133 δὴ
387 1056 419 1116 ού
432 1057 487 1135 πρό
504 1059 556 1133 μέν
568 1060 623 1118 τῶν
635 1055 780 1132 Ἑλλήνων
796 1053 881 1132 ὑμεῖς,
896 1057 958 1116 ἐπεί

104 1215 105 1220 ἡ
152 1169 184 1202 τε
201 1145 355 1214 δεδόξωσθε
373 1145 441 1204 εἶναι
461 1144 580 1223 ἄριστοι,
598 1143 654 1222 πρό
675 1143 705 1202 δέ
724 1148 778 1203 τῶν
798 1141 955 1220 βαρβάρων

152 1230 240 1309 ἡμεῖς,
255 1233 313 1292 ἱσοι
326 1231 397 1311 πρός
409 1235 489 1296 ἴσους
505 1232 623 1310 ἀριθμόν
636 1230 839 1311 μαχεσόμεθα;
861 1231 907 1289 καὶ
920 1229 954 1308 ἢν

152 1321 204 1396 μέν
217 1320 298 1399 δοκέῃ
313 1322 359 1380 καὶ
374 1319 439 1384 τούς
457 1319 562 1384 ἅλλους
579 1318 731 1399 μάχεσθαι,
746 1321 773 1378 οἱ
789 1317 811 1376 δ’
826 1316 863 1378 ὧν
876 1321 953 1396 μετέ-

152 1432 234 1467 πειτα
251 1408 404 1488 μαχέσθων
420 1407 543 1485 ὕστεροι·
564 1413 588 1466 εἱ
606 1407 635 1466 δέ
654 1405 699 1465 καὶ
718 1405 758 1484 μὴ
777 1405 876 1476 δοκέοι,
890 1405 956 1466 ἄλλ’

151 1491 239 1570 ἡμέας
261 1495 379 1573 μούνους
402 1495 538 1576 οἷποχριῖν,
558 1494 638 1574 ἡμεῖς
662 1494 692 1554 δὲ
715 1493 953 1574 διαμαχεσάμεθα·

152 1579 278 1660 ὁκότεροι
296 1583 319 1643 δ’
337 1581 371 1644 ἂν
388 1583 480 1661 ἡμέων
497 1582 642 1659 νικήσωσι,
661 1581 776 1648 τούτους
793 1586 832 1662 τῷ
853 1581 955 1644 ἅπαντι

152 1672 332 1752 στρατοπέδῳ
358 1670 461 1733 νικᾶν.”
500 1672 535 1732 Ὁ
556 1675 615 1749 μὲν,
636 1675 724 1733 ταῦτα
745 1671 824 1736 είπας
849 1697 880 1731 τε
906 1670 952 1731 καὶ
962 1673 1000 1732 49

152 1759 277 1838 ἐπισχοὶν
302 1759 412 1838 χρόνον,
441 1759 476 1824 ὥς
504 1763 531 1820 οἱ
561 1759 649 1823 οὐδεὶς
678 1759 756 1820 ούδέν
784 1757 954 1837 ὖπεκρίνετο,

152 1843 359 1906 ἀπαλλάσσετο
380 1847 481 1906 ὀπίσω·
516 1847 646 1906 εῖπελθαὶν
666 1847 696 1905 δέ
720 1847 853 1923 ἐσήμαινε
874 1853 954 1924 Μαρ-

152 1931 231 2011 δονίῳ
251 1933 287 1992 τά
309 1933 517 2009 καταλαβόντα·
544 1933 559 1992 ὁ
582 1933 611 1991 δὲ
633 1933 786 2010 περιχαρής
806 1933 955 2014 γενόμενος

152 2019 198 2076 καὶ
216 2019 343 2096 ἐπαρθεὶς
361 2023 456 2098 ψυχρῇ
470 2021 540 2098 νίκη,
558 2023 643 2094 ἐπῆκε
660 2019 713 2094 τὴν
732 2019 818 2080 ίππον
832 2020 877 2078 ἐπὶ
890 2018 954 2084 τούς

151 2103 299 2184 Έλληνας·
332 2105 367 2170 οῖς
389 2107 418 2166 δέ
442 2105 591 2182 ἐπήλασαν
614 2109 641 2166 οἱ
665 2105 789 2178 ἱππόται,
815 2108 955 2168 ἐσινέοντο

151 2197 249 2254 πᾶσαν
261 2193 313 2271 τὴν
326 2194 462 2272 στρατιήν
479 2193 531 2271 τήν
546 2193 717 2271 Ἑλληνικήν
733 2195 955 2266 ἐσακοντίζοντές

150 2306 182 2341 τε
203 2283 248 2342 καὶ
269 2282 433 2354 τοξεύοντες,
452 2281 525 2342 ὥστε
549 2282 731 2352 ἱπποτοξόται
753 2309 784 2343 τε
802 2282 892 2346 ἐόντες
908 2283 955 2344 καὶ

150 2372 367 2449 προσφέρεσθαι
379 2369 490 2448 ἄποροι·
503 2370 555 2447 τήν
563 2398 594 2431 τε
605 2371 706 2449 κρήνην
716 2372 768 2448 τὴν
778 2373 952 2453 Γαργαφίην,

151 2455 198 2516 ἀπ’
213 2457 247 2533 ἧς
267 2458 395 2536 ὖδρεύετο
415 2463 472 2520 πᾶν
489 2458 522 2519 τό
544 2458 704 2536 στράτευμα
724 2460 757 2520 τό
776 2459 953 2537 Ἑλληνικόν,

151 2547 340 2623 συνετάραξαν
367 2547 413 2606 καὶ
436 2548 610 2627 συνέχωσαν.
651 2546 726 2623 ἦσαν
751 2550 803 2625 μέν
826 2547 863 2608 ὧν
884 2549 954 2609 κατά

150 2631 203 2707 τήν
222 2632 324 2710 κρήνην
336 2635 550 2714 Λακεδαιμόνιοι
567 2636 731 2716 τεταγμένοι
748 2639 856 2713 μοῦνοι·
877 2640 954 2696 τοῖσι

151 2718 181 2778 δέ
197 2717 315 2779 ι’ίλλοισι
327 2720 455 2798 Ἕλλησι
467 2722 487 2798 ἡ
499 2727 551 2800 μὲν
572 2723 659 2800 κρήνη
672 2722 771 2800 πρόσω
790 2725 903 2802 ἐγίνετο,
919 2723 955 2786 οῖς

152 2807 267 2868 ἔκαστοι
294 2809 391 2887 ἔτυχον
414 2811 586 2891 τεταγμένοι,
610 2809 626 2870 ό
648 2810 678 2869 δὲ
698 2809 828 2874 Ἀσωπός
851 2810 951 2891 οἷγχοΰ·

152 2895 311 2972 ἐρυκόμενοι
332 2896 362 2955 δὲ
382 2895 438 2956 άπὸ
459 2901 509 2956 τοῦ
524 2897 666 2968 Ἀσωποῦ,
685 2897 756 2958 οὕτω
777 2898 811 2974 δὴ
836 2899 881 2957 ἐπὶ
901 2897 954 2974 τήν

152 2982 255 3058 κρήνην
265 2984 400 3059 ἐφοίτεον·
415 2983 471 3044 άπδ
485 2989 535 3044 τοῦ
548 2989 676 3062 ποταμοῦ
690 2984 745 3066 γάρ
759 2991 814 3062 σφι
829 2985 878 3044 οὐκ
889 2986 953 3060 ἐξῆν

151 3068 223 3149 ὕδωρ
237 3071 400 3149 φορέεσθαι,
413 3071 468 3132 ύπό
481 3098 511 3132 τε
524 3078 579 3133 τῶν
593 3075 696 3133 ἱππέων
710 3073 757 3152 καὶ
769 3072 952 3150 τοξευμάτων.

192 3157 299 3222 Τούτου
323 3159 353 3220 δέ
369 3159 495 3221 τοιούτου
518 3161 672 3243 γινομένου,
693 3165 720 3222 οἱ
738 3165 794 3223 τιῖν
806 3161 1000 3239 Ἑλλήνων50

152 3250 316 3333 στρατηγοὶ,
343 3247 393 3309 ἅτε
418 3253 469 3309 τοῦ
501 3275 533 3310 τε
558 3249 657 3312 ὕδατος
690 3251 874 3328 στερηθείσης
903 3255 952 3328 τῆς
