2204 3430
168 135 307 200 ιιι-ιιι]
475 137 680 187 mmmmm.
936 139 966 191 ιτ

165 211 274 272 Ἰλιάδα
287 214 424 292 νέμονται,
439 207 496 277 εἷλε
510 218 540 276 δὲ
552 219 689 298 Γέργιθας
701 217 767 282 τούς
779 217 965 295 ύπολειφθέν-

165 327 216 364 τας
235 305 290 362 τῶν
309 302 430 383 αἷρχαίων
444 309 579 382 Τευκρῶν·
602 303 684 370 αύτός
704 332 735 364 τε
747 305 849 383 Ὑμέης
869 308 965 383 αἱρέων

113 389 118 396 ’
164 393 253 449 ταῦτα
265 391 301 450 τοὶ
315 392 394 451 ἔθνεα
407 393 498 472 νούσῳ
512 397 629 472 τελευτᾷ
642 399 671 453 ἐν
684 398 720 472 τῇ
733 394 849 473 Τρῳάδι.
891 393 944 454 Οὖ-
957 397 1014 455 123

164 501 212 540 τος
224 479 276 554 μέν
289 477 323 554 δή
338 478 407 539 οὕτω
422 479 596 556 ἐτελεύτησε·
617 480 808 559 Ἀρταφέρνης
821 483 851 542 δέ
864 482 881 542 6
895 485 965 561 Σαρ-

164 563 228 624 δίων
248 565 374 646 ὕπαρχος
392 567 438 626 καί
450 566 570 644 Ὀτάνης
583 567 599 628 6
613 569 706 646 τρίτος
726 569 891 651 στρατηγός,
906 571 965 630 ἐτά-

90 657 94 662 ’
163 653 278 731 χθησαν
296 656 342 713 ἐπὶ
359 654 410 732 την
430 655 535 732 Ἰωνίην
557 657 603 715 καί
618 656 670 732 τήν
690 659 834 736 προσεχέα
847 659 965 718 Αἰολίδα

164 741 377 816 στρατεύεσθαι.
417 742 521 820 Ἰωνίης
540 745 593 821 μέν
614 770 663 805 νυν
686 745 871 823 Κλαζομενὰς
893 747 964 824 αἰρέ-

164 853 236 898 ουσι,
259 831 383 890 Αἰολέων
404 831 433 888 δέ
454 831 565 907 Κύμην.
623 862 626 868 ·

204 915 428 992 Ἀλισκομενέων
441 917 470 975 δέ
482 922 536 976 τῶν
549 918 664 987 πολίων,
674 919 709 993 ἦν
722 919 776 998 γάρ
791 919 834 994 δὴ,
845 918 879 981 ώς
893 921 943 978 διέ-
955 924 1012 980 124

164 1003 233 1073 δεξε,
246 1001 451 1084 Ἀρισταγόρης
471 1003 487 1063 6
500 1003 647 1079 Μιλήσιος
660 1005 753 1082 ψυχὴν
768 1005 817 1064 ούκ
830 1004 921 1081 ἄκρος,
935 1007 965 1070 δς

163 1090 285 1168 ταράξας
304 1090 356 1166 τήν
375 1089 482 1167 Ἰωνίην
503 1090 552 1151 Ικαὶ
572 1091 792 1172 ἐγκερασάμενος
814 1091 965 1172 πρήγματα

163 1179 276 1260 μεγάλα
289 1178 415 1257 δρησμόν
429 1179 571 1256 ἐβούλευε,
586 1177 672 1256 ὁρέων
689 1184 787 1240 ταῦτα·
808 1179 879 1258 πρός
891 1180 922 1239 δέ
938 1185 965 1240 οἱ

163 1267 209 1326 καί
222 1267 343 1328 α’δύνατα
357 1267 447 1344 ἐφάνη
460 1268 587 1344 βασιλέα
602 1271 721 1346 Δαρεῖον
739 1267 963 1346 ὑπερβαλέσθαι·

162 1355 232 1432 πρός
252 1361 340 1416 ταῦτα
364 1355 398 1432 δή
421 1355 458 1416 ὧν
471 1355 658 1437 ’συγκαλέσας
677 1356 742 1420 τούς
763 1356 961 1420 συστασιώτας

163 1444 337 1520 ἐβουλεύετο,
351 1444 442 1524 λέγων
461 1443 497 1507 ώς
514 1443 627 1522 ἄμεινόν
640 1451 696 1521 σφι
710 1445 751 1522 εἴη
766 1443 963 1525 κρησφύγετόν

161 1558 189 1592 τι
205 1532 332 1613 ύπάρχον
352 1531 428 1602 εἶναι,
446 1529 481 1608 ἢν
501 1531 556 1609 ἄρα
576 1532 743 1602 ἐξωθέωνται
759 1539 789 1593 ἐκ
803 1537 853 1609 τῆς
867 1533 961 1608 Μιλή-

161 1645 221 1680 του·
243 1622 297 1682 είτε
312 1619 346 1696 δὴ
361 1619 398 1681 ὧν
412 1625 439 1684 ἐς
454 1621 551 1698 Σαρδώ
565 1625 595 1682 ἐκ
608 1625 658 1681 τοῦ
674 1621 762 1681 τόπου
782 1621 882 1681 τούτου
899 1619 963 1700 άγοι

162 1713 189 1772 ἐς
202 1707 339 1785 α’ποικίην,
349 1709 403 1769 εἴτε
417 1713 445 1772 ἐς
452 1708 595 1787 Μύρκινον
608 1709 660 1785 τήν
672 1709 801 1781 Ἠδωνῶν
814 1710 866 1784 την
879 1709 962 1768 Ἱστι·

162 1798 221 1858 atos
242 1798 344 1876 ἐτείχεε
367 1796 445 1874 παραὶ
467 1798 587 1874 Δαρείου
609 1797 712 1874 δωρεὴν
733 1797 850 1872 λαβών;
875 1801 963 1856 ταῦτα

163 1885 297 1962 ἐπειρώτα
318 1884 333 1944 6
351 1883 565 1964 Ἀρισταγόρης·
586 1883 734 1943 Ἑκαταίου
755 1885 807 1960 μέν
828 1911 876 1944 νυν
890 1888 950 1988 τοῦ
954 1885 1010 1942 125

160 1970 367 2050 Ηγησάνδρου,
382 1969 482 2045 ἀνδρός
495 1974 657 2048 λογοποιοῦ,
671 1972 789 2030 τουτέων
801 1973 856 2046 μὲν
873 1975 900 2032 ἐς
919 1969 962 2028 ού-

162 2057 274 2144 δετέρην
289 2057 421 2116 στέλλειν
432 2055 542 2132 ἐφερεη
555 2056 660 2136 γνώμη,
670 2057 785 2135 ἐνΛέριρ
796 2057 873 2116 δὲ
838 2083 873 2134 τη
887 2057 963 2136 νήσω

161 2147 254 2223 τεῖχος
268 2143 554 2258 οἰκοδομησάμενον
536 2144 658 2252 ησυχίην
668 2142 758 2226 άγειν,
768 2171 803 2252 ην
814 2145 919 2222 ἐκπέσῃ
933 2149 962 2204 ἐκ

161 2235 212 2309 τῆς
225 2231 402 2309 Μιλήτου·”
387 2258 481 2292 επειτα
496 2233 551 2291 δὲ’
538 2255 568 2291 εκ
581 2231 682 2309 ταύτης
696 2229 869 2310 ύρμεώμενον
883 2259 960 2293 κατε-

160 2320 317 2382 λεύσεσθαι
330 2325 358 2384 ἐς
369 2321 421 2398 τήν
435 2323 576 2396 Μίλητον.
603 2324 691 2380 ταῦτα
704 2324 756 2397 μὲν
769 2321 803 2397 δὴ
816 2321 962 2385 Ἑκαταῖος

161 2409 360 2486 συνεβούλευε.
403 2409 484 2488 Αύτῷ
507 2409 537 2468 δὲ
559 2408 749 2490 Ἀρισταγόρῃ
773 2409 792 2484 ἦ
818 2411 1008 2484 πλείστη12θ

160 2498 257 2578 γνώμη
278 2497 313 2574 ἦν
335 2503 363 2562 ἐς
382 2497 434 2573 τήν
455 2495 597 2574 Μύρκινον
614 2496 741 2579 ἀπάγειν.
783 2497 835 2572 τὴν
855 2499 906 2574 μὲν
928 2497 962 2571 δη

161 2587 321 2663 Μιλητον’
308 2587 449 2662 επιτρέπει
462 2584 625 2666 Πυθαγόρη,
640 2584 773 2662 ἀνδρὶ
735 2609 790 2645 των
807 2584 901 2644 οἷστῶν
915 2583 960 2642 δο-

161 2674 241 2752 κίμῳ·
263 2673 347 2736 αὐτός
364 2673 393 2731 δὲ
412 2673 590 2750 παραλαβών
607 2672 700 2732 πάντα
719 2671 769 2732 τόν
781 2672 960 2782 βουλόμενον

162 2761 277 2820 ἐπλεε’
265 2786 292 2822 ες
312 2785 363 2870 την
381 2761 512 2837 Θρηίκην,
532 2759 578 2818 καί
596 2760 663 2838 ἐσχε
683 2785 736 2834 την
753 2758 847 2837 χώρην
866 2757 907 2818 ἐπ’
926 2757 962 2832 ἢν

162 2845 280 2922 ἐστάλη.
322 2851 352 2906 ἐκ
370 2847 400 2906 δέ
417 2847 520 2922 ταύτης
538 2846 710 2923 όρμεώμενος
730 2843 922 2904 α’πόλλυται
906 2843 961 2902 υπό

162 2933 288 3012 Θρηίκων
309 2933 392 2996 αὐτός
411 2959 443 2994 τε
466 2933 482 2994 6
503 2931 708 3012 Ἀρισταγόρης
732 2933 778 2990 καὶ
802 2931 817 2989 6
841 2927 963 3002 στρατός

162 3021 256 3091 αὐτοῦ,
278 3019 363 3080 πόλιν
386 3020 611 3097 περικατήμενος,
636 3019 682 3078 καὶ
705 3014 886 3091 βουλομένων
907 3014 976 3095 τῶνΙ

162 3109 288 3190 Θρηίκων
307 3105 491 3168 ύποσπόνδων
510 3107 617 3176 ἐξιέναι
