2280 3432
179 107 226 150 ‘280
400 102 582 149 ἨΡΟΔΟΤΟΤ
598 101 750 148 OTPANIA.
882 99 975 164 [VIII.

178 181 249 258 ἥπερ
263 180 426 259 ὁμολογέειν
439 183 477 256 τῷ
489 181 577 237 ταῦτα
592 177 780 258 ἐργασαμένῳ·
802 179 879 241 αὖτις
892 179 930 248 δὲ,
944 181 978 240 τὸ

178 265 344 343 Ἑλληνικὸν
371 265 416 325 ε’ὁν
444 264 564 341 ὅμαιμόν
590 291 622 325 τε
646 265 692 324 καὶ
717 264 916 346 ὁμόγλωσσον,
932 268 978 326 καὶ

180 356 249 415 θεῶν
268 353 402 430 ἱδρύματά
415 379 446 412 τε
460 351 537 412 κοινὸ
552 353 598 411 καὶ
616 354 719 423 θυσίαι,
734 351 804 428 ἡθεεί
816 379 847 412 τε
860 353 978 431 ὁμότρο-

179 467 228 500 πα·
257 445 311 501 τῶν
332 439 469 517 προδότας
491 441 623 521 γενέσθαι
645 440 808 518 Ἀθηναίους
825 441 874 501 οὐκ
892 441 927 502 ἂν
949 441 979 503 εὖ

181 530 246 607 έχοι.
291 529 447 589 ἐπίστασθέ
458 555 489 588 τε
503 528 580 598 οὕτω,
596 533 619 588 εί
636 529 677 606 μὴ
692 529 738 588 καὶ
752 529 887 607 πρότερον
901 535 979 610 ε’τυγ-

181 616 279 694 χάνετε
293 615 480 692 ἐπιστάμενοι·
497 615 553 676 ἔστ’
569 615 603 676 ἂν
614 619 659 676 καὶ
674 619 711 681 εἷς
724 623 806 696 περιῇ
816 617 979 693 Ἀθηναίων,

180 701 295 780 μηδαμοῖ
310 703 540 785 ὁμολογήσοντας
558 705 644 781 ἡμέας
658 707 758 784 Ξέρξη·
780 705 869 781 ὁμέων
882 705 980 782 μέντοι

180 791 364 872 ὁγαμεθα
330 817 382 868 την
402 793 535 869 προνοίην
558 792 609 867 τὴν
631 797 658 855 ές
675 793 763 869 ἡμέας
785 793 913 871 ἔχουσαν,
936 793 980 852 ὁτι

180 879 351 956 προείδετε
333 881 425 956 ημέων
434 880 726 992 οἰκοφθρρημένων
695 905 773 949 ουτω,
785 880 858 940 ὥστε
871 881 980 956 ἐπιθρέ-

181 976 232 1046 ψαι
256 967 404 1028 ἐθέλειν
385 970 477 1044 ημέων
500 967 564 1030 τούς
588 969 703 1030 οἰκέτας·
735 968 779 1026 καὶ
799 965 866 1046 υμῖν
888 971 941 1044 μὲν
961 961 981 1044 ἡ

182 1055 262 1134 χάρις
294 1055 513 1132 ἐκπεπλήρωται·
548 1055 630 1131 ἡμέες
661 1055 756 1130 μέντοι
782 1054 981 1131 λιπαρήσομεν

181 1142 250 1203 οὕτω
268 1142 337 1206 ὅκως
357 1141 390 1202 ἂν
408 1144 520 1221 ἔχωμεν,
544 1141 622 1201 οὐδὲν
639 1142 788 1204 λυπέοντες
808 1141 902 1218 ὁμέας·
931 1145 981 1202 νῦν

180 1230 217 1304 δὲ,
237 1230 273 1294 ὥς
290 1230 359 1290 οὕτω
380 1228 662 1310 ἐχόντων,,στρατιὴν
683 1228 718 1292 ὦς
737 1227 859 1306 τάχιστα
879 1229 980 1305 ε’κπέμ-

181 1343 255 1376 πετε·
285 1317 320 1380 ὦς
339 1317 394 1398 γὸρ
421 1317 504 1394 ἡμέες
531 1315 681 1393 εἰκάζομεν,
711 1315 760 1375 οὐκ
788 1316 850 1379 ἑκὸς
876 1316 981 1393 χρόνου

181 1407 319 1482 παρέσται
339 1405 355 1464 ὁ
375 1405 525 1482 βάρβαρος
547 1403 680 1479 ἐσβαλών
708 1409 734 1466 ές
760 1403 812 1478 τὴν
833 1403 977 1480 ἡμετέρην,

182 1492 247 1552 ἀλλ’
271 1492 380 1552 ε’πειδὸν
406 1491 528 1569 τάχιστα
555 1491 675 1567 πύθηται
698 1491 750 1566 τὴν
774 1491 909 1572 α’γγελίην
937 1490 982 1550 ὅτι

182 1579 260 1638 οὐδὲν
290 1578 445 1655 ποιήσομεν
471 1583 526 1639 τῶν
553 1581 655 1641 ἐκεῖνος
681 1577 773 1656 ἡμέων
800 1577 981 1654 προσεδέετο.

181 1667 247 1742 πρὶν
271 1664 308 1724 ὧν
328 1669 454 1741 παρεῖναι
476 1669 578 1725 ἐκεῖνον
601 1670 628 1728 ές
650 1665 701 1741 πὴν
727 1664 866 1739 Ἀττικὴν,
891 1663 982 1740 ἡμέας

182 1751 275 1829 καιρὸς
288 1757 349 1812 ε’στι
361 1754 569 1830 προσβωθὴσαι
583 1757 610 1815 ἐς
623 1751 674 1827 τὴν
688 1750 846 1828 Βοιωτίην.”
878 1754 905 1810 οἱ
918 1754 982 1827 μὲν,

181 1844 269 1900 ταῦτα
286 1840 508 1919 ὑποκριναμένων
529 1838 683 1916 Ἀθηναίων
705 1837 932 1898 ἀπαλλάσσοντο
954 1843 983 1903 ἐς

184 1926 325 2006 Σπάρτην.
