2280 3432
182 112 229 159 τοι
487 105 670 156 τιιτοκοτοτ
890 107 984 172 [vm.

182 186 347 248 ἀπελαύνειν
368 185 467 254 ὀπίσω,
490 183 649 260 Μαρδόνιον
670 185 707 254 δὲ,
731 189 755 246 εἶ
778 187 869 248 ἐθέλει
888 214 920 248 τε
938 191 987 250 καὶ

185 276 347 336 ύποδέκεται
367 277 456 333 ταῦτα
477 272 614 348 ποιήσειν,
638 271 724 332 αύτοῦ
745 279 910 337 καταλιπεῖν
931 279 987 338 σύν

182 368 259 425 τοῖσι
278 362 377 422 ἐθέλει·
404 365 487 420 τοῦτο
505 363 557 436 μέν
574 361 639 441 γάρ,
655 359 689 437 ἢν
706 364 933 442 καταστρέψηται
949 366 986 426 τά

185 456 260 527 φησι
276 450 383 510 ἐθέλειν
396 449 444 506 καί
455 450 481 506 οἶ
494 448 666 532 προχωρήσῃ
679 449 714 509 τό
728 451 811 511 νοέων
829 452 916 532 λέγει,
930 453 986 514 σάν

183 540 216 600 τό
238 541 326 619 ἔργον,
350 537 371 596 ὦ
393 536 525 607 δέσποτα,
546 539 660 618 γίνεται·
689 541 715 598 οἱ
737 539 793 620 γὰρ
816 541 865 598 σοὶ
888 541 987 602 δοῦλοι

183 627 401 708 κατεργάσαντο·
428 629 511 685 τοῦτο
533 625 570 695 δέ,
592 624 626 702 ἢν
647 627 682 686 τά
704 628 813 686 ἐναντία
833 632 882 704 τῆς
903 635 986 707 Μαρ-

186 715 277 775 δονίου
297 715 408 796 γνώμης
428 716 548 796 γένηται,
571 713 684 791 οὐδεμία
710 715 845 792 συμφορή
872 717 986 798 μεγάλη

184 803 263 864 ἐσται
281 805 332 864 σέο
351 829 381 864 τε
395 803 551 880 περιεόντος
566 803 611 861 καὶ
625 805 733 863 ἐκείνων
745 807 800 863 τῶν
812 805 986 886 πρηγμάτων

185 893 249 970 περὶ
263 892 339 952 οἶκον
352 892 401 952 τόν
416 891 479 952 σόν·
499 889 535 968 ἢν
547 891 602 972 γάρ
616 890 654 950 σύ
666 917 697 951 τε
710 896 807 970 περιῇς
820 892 866 950 καὶ
879 892 955 956 οἶκος
968 893 986 954 ὅ

185 980 243 1053 σός,
270 979 396 1043 πολλούς
424 979 562 1042 πολλάκις
589 978 696 1061 ἀγῶνας
723 980 887 1056 δραμέονται
919 982 986 1059 περὶ

183 1069 279 1144 σφέων
290 1067 378 1128 αὐτῶν
394 1067 576 1142 οἶἘλληνες·
593 1067 752 1144 Μαρδονίου
764 1067 802 1138 δὲ,
816 1066 851 1143 ἦν
860 1094 887 1128 τι
896 1068 984 1148 πάθη,

185 1155 270 1237 λόγος
291 1155 378 1220 οὐδεὶς
398 1155 512 1237 γίνεται·
542 1153 605 1214 ούδέ
619 1180 647 1213 τι
663 1159 789 1218 νικῶντες
804 1158 830 1214 οἱ
843 1154 985 1232 Ἕλληνες

184 1248 289 1316 νικῶσι,
306 1245 407 1304 δοῦλον
428 1243 481 1302 σόν
502 1243 700 1306 α’πολέσαντες·
721 1243 759 1302 σύ
773 1243 810 1312 δὲ,
825 1246 880 1302 τῶν
894 1244 985 1304 εἵνεκα

183 1331 233 1391 τόν
248 1333 354 1392 στόλον
368 1331 499 1407 ἐποιήσω,
514 1331 645 1408 πυρώσας
657 1331 707 1393 τὰς
719 1329 840 1406 Ἀθήνας
853 1330 985 1411 άπελᾷς.”

139 1420 195 1478 103
232 1419 331 1496 Ἥσθη
345 1447 375 1479 τε
389 1419 422 1495 δή
436 1423 471 1497 τῇ
482 1419 646 1497 συμβουλίη
656 1419 770 1495 Ξέρξης·
791 1420 916 1500 λέγουσα
929 1419 984 1501 γάρ

171 1511 173 1515 ’
187 1506 355 1587 ἐπετύγχανε
374 1506 461 1582 τόπερ
478 1505 561 1569 αύτδς
580 1506 661 1566 ἐνόεε·
684 1507 747 1566 ου’δέ
763 1507 826 1589 γάρ,
844 1511 868 1566 εἰ
885 1506 985 1572 πάντες

185 1595 230 1652 καὶ
260 1599 351 1653 πᾶσαι
376 1594 582 1670 συνεβούλευον
606 1594 679 1674 αύτῷ
704 1596 804 1672 μένειν,
839 1597 915 1672 ἔμενε
941 1593 983 1665 ἂν,

186 1680 289 1740 δοκέειν
306 1681 377 1758 ἐμοί·
400 1680 469 1741 ούτω
487 1682 701 1760 καταρρωδήκεε·
724 1684 871 1746 ἐπαινέσας
888 1683 918 1742 δέ
933 1683 985 1759 τήν

183 1766 372 1846 Ἀρτεμισίην,
387 1769 489 1846 ταύτην
504 1771 556 1846 μέν
573 1769 746 1832 ἀποστέλλει
760 1770 886 1852 ἄγουσαν
899 1769 985 1830 αύτοῦ

183 1856 248 1920 τούς
268 1859 368 1922 παῖδας
389 1863 416 1922 ἐς
431 1856 568 1934 Ἔφεσον·
592 1859 669 1920 νόθοι
686 1859 741 1941 γάρ
759 1885 830 1922 τινες
846 1858 941 1920 παῖδές
957 1861 985 1918 οἱ

139 1946 195 2003 104
205 1946 390 2008 συνέσποντο.
426 1947 589 2024 Συνέπεμπε
610 1949 639 2007 δὲ
658 1951 734 2008 τοῖσι
752 1946 834 2006 παισὶ
856 1944 985 2022 φύλακον

186 2032 364 2113 Ἑρμότιμον,
375 2038 455 2118 γένος
467 2038 518 2112 μὲν
533 2035 613 2096 ἐόντα
627 2036 770 2111 Πηδασέα,
786 2032 941 2112 φερόμενον
955 2033 985 2095 δέ

185 2121 217 2180 ού
232 2123 268 2182 τό
286 2124 398 2200 δεύτερα
418 2127 472 2182 τῶν
493 2122 628 2201 εὐνούχων
646 2121 721 2199 παρά
736 2121 866 2198 βασιλέϊ.
908 2124 935 2182 οἱ
955 2121 985 2182 δέ

184 2211 332 2285 Πηδασέες
346 2210 468 2270 οἰκέουσι
481 2209 550 2287 ύπέρ
564 2210 800 2286 Ἁλικαρνησσοῦ·
823 2215 852 2270 ἐν
866 2210 896 2269 δέ
908 2213 985 2270 τοῖσι

186 2297 351 2371 Πηδάσοισι
366 2297 491 2357 τούτοισι
509 2297 615 2358 τοιόνδε
630 2298 744 2374 φέρεται
761 2301 879 2376 πρῆγμα
891 2298 985 2377 γίνεσ-

187 2383 243 2442 θαι·
259 2384 341 2444 ἐπεάν
351 2388 428 2444 τοῖσι
441 2383 609 2461 α’μφικτίοσι
620 2389 700 2452 πᾶσι,
709 2386 787 2442 τοῖσι
798 2382 873 2458 ἀμφὶ
882 2383 986 2461 ταύτης

184 2469 306 2530 οἰκέουσι
322 2476 373 2547 τῆς
390 2471 498 2540 πόλιος,
513 2471 606 2548 μέλλῃ
619 2497 647 2530 τι
661 2469 737 2532 ἐντός
750 2467 852 2547 χρόνου
867 2471 985 2533 ἔσεσθαι

184 2557 319 2634 χαλεπόν,
340 2558 404 2618 τότε
424 2559 442 2634 ἡ
464 2559 534 2634 ἱρείη
562 2557 659 2617 αύτόθι
679 2560 730 2632 τῆς
749 2555 898 2634 Ἀθηναίης
919 2559 1001 2634 φύει’

138 2645 194 2707 105
204 2645 321 2726 πώγωνα
339 2645 438 2726 μέγαν·
459 2649 542 2704 τοῦτο
555 2644 585 2703 δέ
598 2651 654 2721 σφι
668 2644 710 2707 δὶς
725 2643 778 2721 ἤδη
793 2645 912 2727 ἐγένετο.
933 2645 984 2708 Ἐκ

182 2733 287 2796 τούτων
315 2733 349 2809 δή
375 2737 429 2794 τῶν
457 2730 613 2808 Πηδασέων
639 2731 655 2794 ό
681 2731 849 2812 Ἑρμότιμος
871 2734 915 2811 ἦν·
946 2740 985 2816 τῷ

182 2822 305 2904 μεγίστη
325 2823 398 2884 τίσις
417 2819 470 2898 ἤδη
491 2819 647 2898 ἀδικηθέντι
668 2821 777 2904 ἐγένετο
796 2822 907 2883 πάντων
929 2827 984 2884 τῶν

183 2911 263 2988 ἡμεῖς
283 2911 370 2988 ἴδμεν·
398 2908 504 2970 άλόντα
523 2909 578 2990 γάρ
600 2909 684 2971 αὐτόν
703 2909 759 2972 ὑπό
780 2911 921 2989 πολεμίων
937 2912 983 2971 καὶ

184 2997 361 3078 πωλεόμενον
381 2996 492 3058 ώνέεται
512 2987 673 3070 Πανιώνιος,
695 2998 765 3076 άνήρ
786 3001 863 3068 Χῖος,
883 2997 913 3061 ὃς
931 2997 983 3073 τήν

184 3086 250 3164 ζόην
261 3086 455 3164 κατεστήσατο
469 3084 516 3146 ἀπ’
530 3087 616 3169 ἔργων
630 3086 832 3148 ἀνοσιωτάτων·
847 3085 915 3147 ὅκως
927 3083 982 3164 γάρ

184 3174 319 3250 κτήσαιτο
328 3175 428 3240 παῖδας
437 3175 521 3238 εἴδεος
529 3169 983 3253 ἐπαμμένους,ἐκτάμνων,άγινέων

185 3261 289 3324 ἐπώλεε
303 3269 330 3329 ἐς
344 3263 444 3342 Σάρδις
453 3289 484 3324 τε
495 3264 541 3322 καὶ
546 3263 675 3340 Ἔφεσον
684 3260 834 3343 χρημάτων
842 3254 982 3336 μεγάλων·
