2280 3432
145 71 193 119 ιιι
453 67 635 118 mmor
855 69 947 134 [vm.

144 147 178 208 τό
192 146 324 225 δράμημα
333 150 388 208 τιῖν
404 145 494 208 ἵππων
507 149 642 206 καλέουσι
656 148 769 225 Πέρσαι
782 147 949 230 α’γγαρήῐον.

98 239 135 297 99
145 235 182 296 ‘H
198 237 249 312 μὲν
267 234 302 310 δὴ
320 236 416 311 πρώτη
434 239 461 299 ές
481 236 579 298 Σοῦσα
596 233 715 317 ἀγγελίη
732 235 894 314 ἀπικομένη,
914 240 951 304 οἷς

147 326 207 404 ἔχοι
227 323 347 398 Ἀθήνας
367 323 480 400 Ξέρξης,
505 325 602 401 ἔτερψε
623 323 692 383 οὕτω
713 323 748 399 δή
767 351 795 384 τι
816 329 951 403 Περσέων

145 411 210 474 τούς
222 410 452 486 ύπολειφθέντας,
468 412 504 475 ὦς
516 411 566 475 τός
578 439 609 472 τε
623 411 703 476 ὁδούς
720 413 841 491 μυρσίνη
855 415 951 480 πάσας

147 499 301 578 ἐστόρεσαν
323 499 369 558 καὶ
387 499 504 577 ἐθυμίων
522 499 691 578 θυμιήματα,
711 500 757 558 καὶ
776 499 951 577 αύτοὶήσαν

147 593 176 647 ἔν
199 587 317 665 θυσίησί
334 613 365 646 τε
388 587 433 646 καὶ
457 585 615 666 εύπαθίησι·
650 587 669 664 ή
697 587 726 647 δὲ
754 587 865 666 δευτέρη
893 598 950 666 σφι
980 607 982 613 “

146 675 264 756 ἀγγελίη
298 675 488 745 ἐπεξελθοῦσα
518 678 633 755 συνέχεε
668 675 746 745 οὕτω,
782 675 855 736 ὥστε
885 680 951 742 τοὺς

147 764 263 827 κιθῶνας
284 763 484 841 κατερρήξαντο
509 763 618 833 πάντες,
642 765 701 842 βοῇ
721 789 752 822 τε
773 763 819 822 καὶ
841 767 950 846 οἰμωγῇ

148 851 281 929 ἐχρέωντο
295 849 415 929 α’πλέτιρ,
430 850 590 927 Μαρδόνιον
604 856 633 911 ἐν
647 851 720 930 αἰτίη
733 851 862 915 τιθέντες.
900 853 950 913 οὐκ

150 937 220 999 οὕτω
239 939 268 998 δὲ
285 939 348 1016 περὶ
365 943 420 1000 τῶν
437 943 508 1015 νηῶν
527 939 678 1018 α’χθόμενοι
690 942 778 998 ταῦτα
792 942 818 998 οῖ
837 941 950 1017 Πέρσαι

150 1028 266 1097 ἐποίευν,
282 1025 317 1090 ὥς
330 1026 394 1104 περὶ
407 1025 481 1105 αύτῷ
493 1027 583 1104 Ξέρξη
594 1027 786 1103 δειμαίνοντες.
828 1027 874 1086 καὶ
885 1030 951 1106 περὶ

148 1116 263 1191 Πέρσας
290 1117 341 1192 μὲν
361 1114 397 1191 ἧν
417 1118 505 1174 ταῦτα
527 1113 576 1174 τὸν
599 1114 691 1174 πάντα
717 1115 821 1191 μεταξύ
847 1116 951 1194 χρόνον

147 1202 302 1283 γενόμενον,
318 1203 402 1282 μέχρι
416 1200 448 1262 οὗ
463 1202 569 1280 Ξέρξης
582 1201 665 1266 αύτός
678 1208 770 1278 σφεας
783 1201 951 1281 ἀπικόμενος

147 1290 260 1349 ἔπαυσε.

102 1378 158 1438 100
211 1377 369 1455 Μαρδόνιος
396 1377 425 1436 δὲ
455 1376 539 1454 ὁρέων
573 1379 624 1454 μὲν
658 1377 766 1456 Ξέρξην
797 1379 950 1457 συμφορήν

145 1465 273 1546 μεγάλην
295 1470 325 1522 ἐκ
350 1468 400 1540 τῆς
421 1465 575 1542 ναυμαχίης
595 1465 765 1543 ποιεύμενον,
787 1465 949 1528 ὑποπτεύων

149 1554 179 1612 δὲ
192 1552 276 1613 αὐτόν
290 1552 417 1629 δρησμὸν
430 1551 577 1628 βουλεύειν
592 1558 622 1612 ἐκ
635 1557 691 1613 τών
703 1552 849 1629 Ἀθηνέων,
864 1561 949 1631 φρον-

146 1640 227 1702 τίσας
240 1638 311 1716 πρός
326 1637 426 1705 ἑωυτόν
445 1637 480 1701 ὦς
496 1638 579 1700 δώσει
593 1640 671 1716 δίκην
685 1639 849 1721 ἀναγνώσας
861 1643 948 1724 βασι-

146 1728 199 1786 λέα
218 1725 421 1803 στρατεύεσθαι
440 1727 485 1786 ε’πὶ
498 1726 550 1802 τήν
562 1726 697 1797 Ἑλλάδα,
716 1728 764 1787 καί
781 1731 807 1787 οἱ
826 1729 949 1805 κρέσσον

147 1816 188 1891 εἴη
206 1813 431 1875 όνακινδυνεῦσαι
444 1812 463 1890 ἢ
476 1815 705 1896 κατεργάσασθαι
718 1814 770 1891 τὴν
782 1815 916 1886 Ἐλλάδα,
929 1817 949 1894 ἢ

149 1902 233 1964 αὐτόν
255 1907 346 1967 καλῶς
368 1907 535 1979 τελευτῆσαι
560 1903 609 1964 τόν
636 1905 702 1980 βίον
725 1903 795 1981 ύπέρ
818 1903 949 1985 μεγάλων

147 1992 324 2069 αἰωρηθέντα·
346 1993 434 2051 πλέον
449 1993 544 2068 μέντοι
561 1993 644 2069 ἔφερέ
662 1995 688 2051 οἶ
704 1991 723 2068 ἦ
738 1991 835 2072 γνώμη
854 2017 948 2070 κατερ-

145 2078 252 2160 γάσθαι
268 2078 320 2156 τήν
340 2078 476 2138 Ἑλλάδα·
498 2080 687 2160 λογισάμενος
701 2079 738 2139 ὧν
750 2084 846 2150 ταῦτα,
859 2105 947 2156 προσ·

149 2167 231 2245 έφερε
258 2166 307 2228 τόν
334 2167 420 2247 λόγον
447 2166 535 2228 τόνδε·
569 2166 728 2252 ’(δέσητοτα,
753 2166 824 2244 μήτε
850 2167 947 2238 λυπέο,

145 2254 216 2332 μήτε
251 2253 401 2332 συμφορήν
434 2254 572 2330 μηδεμίαν
605 2255 733 2335 μεγάλην
763 2259 843 2315 ποιεῦ
867 2255 949 2316 τοῦδε

146 2347 197 2402 τοῦ
223 2340 371 2424 γεγονότος
393 2342 493 2402 εἵνεκεν
517 2342 689 2423 πρήγματος·
722 2341 754 2402 ού
781 2343 835 2424 γὰρ
859 2343 949 2413 ξύλων

147 2429 221 2511 α’γών
248 2429 263 2490 ό
290 2429 322 2489 τό
350 2432 407 2489 πᾶν
434 2431 526 2506 φέρων
559 2431 620 2490 ε’στὶ
647 2430 722 2507 ἡμῖν,
750 2431 816 2490 ο’λλ’
843 2430 949 2508 ἀνδρῶν

146 2544 177 2578 τε
199 2519 244 2577 καὶ
267 2518 365 2578 ἵππων·
387 2519 436 2578 σοὶ
456 2518 485 2580 δὲ
507 2518 570 2580 οὔτε
589 2546 631 2582 τις
648 2518 752 2580 τούτων
769 2523 824 2580 τών
841 2520 874 2580 τό
892 2523 949 2580 πᾶν

147 2611 203 2682 σφι
225 2604 277 2680 ἤδη
299 2605 447 2668 δοκεόντων
472 2606 663 2687 κατεργάσθαι
684 2605 798 2682 ἀποβὰς
819 2607 874 2667 α’πό
894 2611 949 2668 τῶν

148 2698 215 2753 νεῶν
234 2692 397 2770 πειρήσεται
423 2694 598 2771 ἀντιωθῆναι,
622 2693 678 2754 οὔτ’
700 2699 730 2754 ε’κ
757 2699 807 2771 τῆς
833 2694 949 2772 ἠπείρου

148 2781 244 2858 τῆσδε·
267 2782 337 2844 οἵτε
349 2781 417 2860 ἡμῖν
430 2782 614 2859 ἠντιώθησαν,
631 2782 730 2842 ἔδοσαν
744 2783 826 2846 δίκας.
861 2786 885 2842 εἰ
897 2783 950 2859 μέν

146 2896 194 2930 νυν
218 2869 312 2944 δοκέει,
337 2869 435 2930 αὐτίκα
458 2869 616 2946 πειρώμεθα
640 2873 690 2944 τῆς
715 2870 948 2945 Πελοποννήσου·

148 2961 171 3016 εἰ
189 2958 218 3016 δὲ
232 2958 278 3016 καὶ
291 2959 379 3018 δοκέει
393 2961 528 3035 ἐπισχεῖν,
544 2959 659 3036 παρέχει
672 2959 777 3018 ποιέειν
790 2963 887 3019 ταῦτα·
908 2961 949 3034 μὴ

148 3045 177 3104 δὲ
192 3045 334 3122 δυσθύμει·
361 3045 393 3104 ού
411 3043 465 3126 γάρ
485 3049 546 3102 ε’στι
559 3044 686 3120 Ἕλλησι
708 3044 822 3123 οὐδεμία
841 3046 949 3108 ἔκδυσις

147 3132 187 3208 μή
198 3132 230 3192 οὐ
241 3133 337 3196 δόντας
348 3131 436 3212 λόγον
446 3135 501 3191 τῶν
513 3133 648 3207 ἐποίησαν
658 3137 706 3192 νῦν
715 3158 747 3192 τε
757 3133 803 3192 καὶ
812 3131 949 3209 πρότερον

160 3218 217 3278 ’ναι
231 3219 298 3284 σούς
309 3219 434 3283 δούλους.
454 3217 582 3296 μιίλιστα
592 3219 644 3295 μέν
657 3244 705 3279 νυν
716 3223 805 3280 ταῦτα
817 3219 902 3278 ποίεε·
925 3223 950 3278 εἰ
