2240 3424
170 87 218 134 316
484 87 667 135 ἨΡΟΔΟΤΟΤ
903 87 968 152 [ῙΧ.

169 163 222 241 τὴν
239 163 370 240 Ἀττικήν
391 163 444 224 σύν
465 168 589 241 στρατοῦ
611 163 722 240 πλήθεΐ,
746 166 792 225 καὶ
812 165 972 228 ἀνίστασαν

168 252 233 334 γοδς
253 251 364 328 δήμους,
379 251 428 310 οὐκ
451 251 553 315 εἰδότες
574 254 618 312 ἵνα
638 253 796 323 ὑπεξέκειτο
817 254 836 330 ἦ
858 254 969 332 Ἑλένη,

168 340 232 402 τότε
254 340 372 420 λέγουσι
392 339 456 403 τούς
479 340 624 411 Δεκελέας,
644 345 670 399 οἱ
692 342 721 399 δὲ
742 341 825 402 αὐτόν
846 343 971 403 Δέκελον

168 427 325 508 ἀχθόμενόν
342 454 374 486 τε
389 431 424 506 τῇ
443 428 552 503 Θησέος
565 429 640 506 ὕβρι,
657 430 704 488 καὶ
718 430 893 506 δειμαίνοντα
906 432 971 508 περὶ

168 515 247 594 πάσῃ
261 519 296 594 τῇ
309 514 462 591 Ἀθηναίων
475 515 561 594 χάρη,
577 517 786 596 ἐξηγησάμενόν
800 523 856 592 σφι
869 517 902 577 τά
913 522 972 580 πᾶν

170 609 295 684 πρῆγμα,
317 603 534 683 κατηγήσασθαι
558 605 602 662 ἐπὶ
622 605 672 668 τάς
691 604 833 680 Ἀφίδνας.
862 605 911 669 τάς
936 600 971 683 δῆ

167 691 293 762 Τιτακάς,
313 691 364 752 ε’ἀν
384 690 535 770 αὐτόχθων,
558 693 756 769 καταπροδιδοῖ
775 693 970 773 Τυνδαρίδῃσι·

166 785 243 841 τοῖσι
257 781 286 840 δὲ
300 783 455 839 Δεκελεῦσι
469 784 497 840 έν
512 780 627 858 Σπάρτῃ
642 779 697 840 ἀπό
711 780 810 840 τούτου
823 785 873 840 τοῦ
888 783 970 863 έργου

167 867 279 945 ἀτελείη
296 894 328 928 τε
350 869 395 926 καὶ
416 868 547 945 προεδρίη
570 869 704 928 διατελέει
725 873 752 932 ἐς
772 867 837 928 τόδε
854 869 906 927 αἰεὶ
930 871 970 930 ἔτι

167 961 261 1028 εὀὓσα,
276 955 346 1016 οὕτω
367 955 439 1016 ὥστε
460 956 505 1014 καὶ
526 961 553 1019 ἐς
573 955 622 1015 τάν
639 956 766 1032 πόλεμον
782 956 831 1016 τάν
851 955 970 1034 ὕστερον

166 1049 305 1104 πολλοῖσι
319 1045 393 1104 ἔτεσι
410 1042 514 1104 τούτων
529 1043 679 1124 γενόμενον
691 1043 871 1120 Ἀθηναίοισί
878 1071 909 1103 τε
923 1046 969 1104 καὶ

166 1132 435 1208 Πελοποννησίοισι,
457 1132 624 1208 σινεομένων
645 1129 697 1207 τήν
721 1131 814 1208 ἀλλην
837 1131 969 1208 Ἀττικήν

119 1219 158 1281 74
167 1220 398 1296 Δακεδαιμονίων,
417 1219 556 1294 Δεκελέης
577 1217 768 1298 ἀποσχέσθαι.
796 1219 903 1279 Τούτου
918 1221 969 1281 τοῦ

167 1308 256 1386 δήμου
268 1307 318 1368 ἓῶν
328 1307 343 1368 ό
353 1306 488 1383 Σωφάνης
499 1307 544 1366 καὶ
555 1305 723 1384 ἀριστεύσας
732 1308 797 1368 τότε
806 1307 967 1384 Ἀθηναίων,

168 1397 259 1466 διξοῦς
274 1395 377 1476 λόγους
392 1396 560 1475 λεγομένους
582 1397 648 1476 ἔχει·
668 1395 718 1456 τάν
735 1399 795 1473 μὲν,
813 1395 848 1475 ὥς
869 1399 899 1454 ἐκ
918 1403 969 1456 τοῦ

165 1484 308 1561 ζωστῆρος
319 1487 368 1542 τοῦ
383 1481 506 1559 θύρηκος
522 1483 621 1560 ἐφόρεε
639 1484 747 1562 χαλκέῃ
762 1483 848 1546 ἀλύσι
862 1482 967 1562 δεδεμέ-

165 1597 215 1648 νην
229 1570 350 1652 ἀγκυραν
367 1571 508 1647 σιδηρέην·
524 1571 583 1646 τὴν,
604 1571 672 1634 ὅκως
689 1571 824 1632 πελάσειε
842 1571 968 1632 ἀπικνεό·

165 1683 248 1736 μενος
260 1662 336 1718 τοῖσι
354 1659 525 1735 πολεμίοισι,
548 1660 738 1734 βαλλέσκετο,
759 1659 803 1719 ἵνα
824 1658 858 1738 δή
874 1685 922 1736 μιν
942 1665 968 1720 οἱ

165 1747 297 1822 πολέμιοι
311 1746 488 1808 ἐκπίπτοντες
507 1751 535 1805 ἐκ
552 1750 602 1822 τῆς
617 1745 710 1816 τάξιος
726 1753 911 1824 μετακινῆσαι
926 1749 967 1825 μή

164 1834 302 1895 δυναίατο.
331 1834 477 1916 γινομένης
491 1835 521 1894 δὲ
535 1839 627 1916 φυγῆς
640 1839 694 1895 τῶν
709 1837 843 1906 ἐναντίων,
856 1836 968 1896 δέδοκτο

164 1923 217 2000 τὴν
237 1922 359 2005 ἀγκυραν
379 1921 561 2000 ἀναλαβόντα
583 1923 652 1984 οὕτω
675 1923 789 1984 διώκειν·
818 1922 897 1986 οὗτος
916 1927 968 2002 μὲν

165 2011 235 2072 οὕτω
256 2012 378 2094 λέγεται·
401 2011 416 2071 ό
435 2011 458 2071 δ’
478 2013 569 2090 ἔτερος
587 2016 641 2072 τῶν
658 2012 758 2094 λόγων,
776 2015 815 2092 τῷ
832 2011 968 2089 πρότερον

165 2101 294 2180 λεχθέντι
312 2099 518 2176 ἀμφισβατέων
536 2101 657 2180 λέγεται,
673 2099 708 2163 ἀς
722 2099 763 2158 ἐπ’
777 2099 896 2163 ἀσπίδος
915 2102 968 2159 αἰεὶ

165 2187 348 2265 περιθεούσης
372 2187 418 2246 καὶ
440 2186 547 2264 ούδαμά
568 2186 768 2265 ἀτρεμιζούσης
790 2188 888 2263 έφόρεε
911 2189 967 2247 έπί-

165 2301 258 2352 σημον
274 2275 403 2355 ἄγκυραν,
423 2276 469 2334 καὶ
491 2275 540 2335 οὐκ
559 2281 589 2334 ἔκ
604 2280 656 2335 τοῦ
677 2275 799 2352 θώρηκος
822 2275 968 2352 δεδεμένην

116 2369 156 2428 75
166 2363 306 2440 σιδηρέην.
340 2361 427 2422 Ἐστι
448 2363 478 2422 δὲ
500 2364 546 2422 καὶ
568 2363 660 2439 ἕτερον
683 2361 812 2436 Σωφάνεϊ
833 2363 968 2438 λαμπρόν

166 2451 246 2530 ἔργον
270 2449 481 2528 ἐξεργασμένον,
504 2451 547 2511 ὅτι
568 2448 791 2528 περικατημένων
811 2448 968 2525 Ἀθηναίων

165 2539 290 2617 Αἴγιναν,
307 2536 477 2614 Εὐρυβάτην
493 2539 542 2598 τάν
555 2537 683 2619 Ἀργεῖον
697 2536 782 2615 ἀνδρα
796 2537 968 2601 πεντάεθλον

166 2630 195 2685 ἐκ
208 2624 383 2702 προκλήσιος
396 2625 541 2700 ἐφόνευσε.
583 2624 667 2686 ούτάν
681 2625 710 2684 δὲ
728 2625 864 2702 Σωφάνεα
877 2625 968 2707 χρόνῳ

164 2712 281 2791 ὕστερον
294 2711 398 2773 τούτων
417 2714 566 2790 κατέλαβε,
582 2712 668 2791 ἀνδρα
685 2714 834 2796 γενόμενον
852 2715 966 2796 ἀγαθάν,

165 2800 318 2878 Ἀθηναίων
329 2802 538 2884 στρατηγέοντα
551 2801 610 2881 ἅμα
619 2802 735 2886 Λεάγρῳ
745 2807 784 2883 τῷ
793 2804 966 2872 Γλαύκωνος,

165 2888 315 2951 ἀποθανεῖν
327 2889 382 2950 ύπό
392 2889 522 2952 Ἠδωνῶν
535 2895 564 2952 ἓν
578 2890 661 2972 Δάτῳ
674 2892 738 2970 περὶ
751 2895 806 2952 τῶν
819 2890 968 2968 μετάλλων

164 2981 219 3038 τῶν
238 2980 365 3058 χρυσέων
385 2980 571 3060 μαχεόμενον.

117 3061 155 3121 76
205 3065 254 3129 Ὡς
271 3066 301 3125 δὲ
321 3071 398 3127 τοῖσι
411 3067 539 3145 Ἕλλησι
555 3073 584 3129 ε’ν
598 3073 763 3146 Πλαταιῇσι
778 3069 966 3143 κατέστρωντο

165 3152 191 3208 οἱ
203 3153 358 3231 βάρβαροι,
373 3155 491 3216 ε’νθαῦτά
504 3162 561 3233 σφι
572 3157 679 3232 ε’πῆλθε
689 3156 758 3236 γυνη
769 3152 933 3230 αὐτόμολος·
947 3151 967 3226 ἢ

165 3237 258 3300 ἕπειδθ
274 3242 359 3318 ἔμαθε
372 3241 558 3308 ἀπολωλότας
571 3243 636 3308 τούς
649 3243 765 3321 Πέρσας
779 3241 824 3302 καὶ
837 3243 967 3301 νικῶντας
