2204 3430
142 112 250 177 12:215]
494 111 607 161 υνιυο.
909 115 941 163 σε

140 186 330 275 τοιίςλόγους,
344 192 403 271 ἅμα
421 193 451 252 δὲ
469 193 651 269 κατεφαίνετό
664 199 721 270 σφι
734 192 803 253 εἰναι
820 193 941 255 ἀδύνατα

140 283 176 342 τιί
187 281 328 360 βασιλέος
341 280 494 362 πρήγματα
505 280 728 358 ὑπερβαλέσθαι,
740 280 769 340 εὖ
782 308 814 342 τε
827 281 941 342 ε’πιστά·

140 395 219 446 μενοι
241 367 284 440 ῶς,
302 373 326 428 εἰ
348 369 394 428 καὶ
411 368 444 430 τό
462 367 567 447 παρεὸν
583 368 712 430 ναυτικόν
730 369 941 446 άπερβαλοίατο

140 456 189 517 τάν
216 460 344 535 Δαρεῖον,
359 456 445 517 -άλλο
472 462 528 533 σφι
553 458 693 535 παρέσται
719 458 938 534 πενταπλήσιον,

141 544 302 622 προφάσιος
318 543 355 604 ῶν
373 543 583 622 ἐπιλαβόμενοι,
598 545 660 605 ε’πεί
674 569 706 605 τε
723 544 847 624 τάχιστα
867 546 941 606 εἶδον

140 632 205 696 τούς
218 631 316 695 Ἴωνας
337 631 517 710 ἀρνευμένους
539 632 608 693 εἶναι
628 632 779 712 χρηστοιίς,
802 639 832 693 ἐν
852 633 942 710 κέρδεϊ

141 723 283 782 ἐποιεῦντο
303 721 486 796 περιποιῆσαι
502 719 583 781 τότε
597 721 642 798 ἱρά
654 720 690 780 τά
704 722 830 798 σφέτερα
844 722 890 780 καί
902 720 939 782 τά

141 807 206 866 ἰδια.
247 807 264 868 ά
278 807 307 867 δὲ
319 806 433 884 Αἰάκης,
446 807 511 885 παρ’
525 808 588 868 ὅτευ
605 807 672 872 τοιίς
691 807 794 889 λόγους
814 809 940 870 ἐδέκοντο

141 895 169 952 οἱ
190 893 300 972 Σάμιοι,
322 899 388 958 παῖς
408 897 459 972 μὲν
482 894 518 970 ἦν
539 896 722 960 Συλοσῶντος
740 900 791 954 τοῦ
812 896 938 960 Αἰάκεος·

140 979 271 1057 τύραννος
284 982 314 1042 δὲ
327 982 377 1042 ε’ῶν
392 981 496 1060 Σάμου,
510 981 566 1042 ὖπδ
586 986 636 1042 τοῦ
649 983 796 1058 Μιλησίου
808 981 939 1058 Ἀριστα-

140 1068 228 1149 γόρεω
241 1069 416 1148 ἀπεστέρητο
428 1070 480 1147 τήν
493 1068 592 1149 ἀρχήν,
607 1067 730 1147 κατάπερ
744 1072 770 1129 οἰ
782 1067 869 1129 άλλοι
888 1075 939 1147 τῆς

140 1155 243 1234 Ἰωνίης
262 1157 398 1235 τύραννοι.

181 1243 251 1305 Τότε
268 1243 305 1306 ὧν
321 1245 381 1305 ἐπεὶ
399 1244 544 1306 ε’πέπλωον
557 1247 584 1306 οἰ
596 1245 728 1316 Φοίνικες,
742 1247 769 1306 οἱ
781 1243 873 1308 Ἴωνες
892 1243 936 1306 ἀν·
947 1247 985 1307 14

140 1335 261 1414 τανῆγον
279 1333 325 1392 καὶ
343 1331 422 1392 αὗτοί
441 1333 492 1397 τάς
509 1334 572 1398 νέας
592 1333 638 1394 ε’πὶ
658 1333 748 1411 κέρας.
790 1331 825 1396 ῶς
845 1332 875 1392 δὲ
892 1334 942 1392 καί1

141 1419 231 1501 ἀγχοῦ
244 1423 366 1502 ἐγίνοντο
380 1422 426 1480 καὶ
440 1422 612 1503 συνέμισγον
625 1419 790 1497 ἀλλήλοισι,
801 1421 834 1482 τό
848 1422 937 1482 ε’νθεῦ-

140 1533 186 1567 τεν
199 1507 248 1568 οὐκ
262 1509 315 1589 έχω
329 1508 462 1585 ἀτρεκέως
474 1509 637 1590 συγγράψαι
658 1509 755 1573 οἵτινες
772 1513 828 1570 τῶν
839 1508 937 1571 Ἰάνων

141 1597 266 1676 ἐγένοντο
279 1595 375 1674 ἄνδρες
387 1597 467 1656 κακοί
479 1595 498 1672 ἢ
512 1596 614 1678 ἀγαθοὶ
627 1600 656 1656 ἓν
668 1623 704 1675 τη
717 1597 856 1676 ναυμαχίη
872 1597 936 1658 ταύ-

139 1709 184 1761 τῃ·
204 1683 347 1760 ἀλλήλους
367 1684 423 1765 γάρ
446 1688 647 1745 καταιτιῶνται.
688 1685 819 1766 λέγονται
839 1685 869 1744 δὲ
882 1685 937 1750 Σά·

138 1796 198 1848 μιοι
211 1773 336 1842 ἐνθαῦτα,
351 1771 421 1832 κατὰ
436 1771 472 1831 τά
491 1774 658 1855 συγκείμενα
673 1771 743 1850 πρδς
755 1772 805 1832 τόν
818 1772 933 1843 Αἰάκεα,

138 1857 295 1935 ἀειράμενοι
306 1859 343 1918 τά
356 1861 433 1920 ἱστία
446 1859 617 1919 ἀποπλῶσαι
630 1865 660 1918 ἔκ
672 1863 723 1935 τῆς
735 1858 829 1928 τάξιος
842 1865 870 1923 ἒς
883 1861 935 1936 τήν

137 1943 242 2022 Σάμον,
256 1946 332 2023 πλήν
351 1947 445 2006 ἕνδεκα
462 1950 538 2007 νεῶν·
547 2003 550 2008 ,
559 1947 676 2006 τουτέων
690 1947 719 2004 δὲ
733 1949 760 2006 οἱ
772 1946 936 2025 τριήραρχοι

136 2033 292 2110 παρέμενον
313 2034 359 2092 καὶ
380 2033 559 2114 ἐναυμάχεον,
579 2031 838 2108 ἀνηκουστήσαντες
858 2037 935 2094 τοῖσι

137 2123 334 2202 στρατηγοῖσι·
356 2122 404 2180 καί
420 2128 476 2198 σφι
493 2121 527 2181 τό
546 2120 638 2180 κοινόν
657 2124 712 2180 τῶν
726 2120 837 2196 Σαμίων
853 2121 935 2182 ἔδωκε

136 2207 278 2283 διοίγτοῦτο
291 2208 324 2268 τό
337 2213 456 2290 πρῆγμα
469 2213 498 2268 ἐν
511 2207 605 2286 στήλη
619 2206 815 2288 ἀναγραφῆναι
829 2208 932 2286 πατρό-

136 2295 193 2369 θεν,
205 2295 239 2358 ῶς
249 2295 367 2373 ἀνδράσι
380 2295 513 2376 ἀγαθοῖσι
525 2295 710 2376 γενομένοισι·
732 2296 778 2354 καὶ
791 2297 852 2356 ἔστι
865 2296 935 2374 αὕτη

134 2381 155 2458 ἡ
169 2382 264 2458 στήλη
278 2388 307 2443 ἐν
319 2387 356 2462 τῇ
369 2381 469 2464 ἀγορῇ.
500 2383 619 2460 ἰδόμενοι
632 2383 662 2442 δὲ
676 2383 722 2442 καί
734 2385 857 2460 λέσβιοι
870 2385 935 2450 τοιίς

133 2471 295 2549 προσεχέας
308 2469 472 2550 φεύγοντας,
482 2469 569 2531 τῶυτά
584 2471 692 2531 ε’ποίευν
702 2474 779 2531 τοῖσι
790 2473 933 2548 Σαμίοισι·

135 2556 173 2620 ῶς
194 2557 224 2616 δὲ
245 2560 291 2616 καί
312 2561 339 2618 οἱ
360 2561 476 2622 πλεῦνες
495 2561 550 2618 τῶν
565 2557 663 2618 Ἰάνων
682 2559 791 2619 ε’ποίευν
808 2559 844 2619 τά
863 2559 934 2622 αὐτά

131 2648 234 2705 ταῦτα.
262 2649 323 2706 Τῶν
336 2646 366 2706 δὲ
378 2645 604 2724 παραμεινάντων
618 2649 647 2705 ἐν
659 2649 695 2726 τή
708 2648 847 2726 ναυμαχίη
857 2674 934 2726 περι·
945 2652 981 2709 15

133 2732 268 2808 ἔφθησαν
279 2735 439 2813 τρηχύτατα
449 2737 523 2804 Χῖοι,
538 2733 573 2797 ῶς
586 2731 813 2811 ἀποδεικνύμενοί
823 2761 853 2795 τε
866 2737 934 2818 ἔργα

131 2819 256 2896 λαμπρά
277 2821 323 2879 καὶ
346 2820 395 2881 οὐκ
419 2821 653 2884 ἐθελοκακέοντες.
693 2823 860 2902 παρείχοντο
882 2826 934 2900 μὲν

130 2905 199 2988 γάρ,
218 2905 313 2986 ῶσπερ
335 2909 382 2968 καὶ
401 2907 537 2986 πρότερον
560 2905 661 2986 εἰρέθη,
679 2908 741 2973 νέας
762 2909 868 2978 ἑκατόν,
887 2911 933 2968 καί

130 2993 179 3054 ἐπ’
190 2994 309 3073 ἑκάστης
323 2996 426 3057 αὐτέων
439 2997 539 3076 ἀνδρας
551 2996 758 3073 τεσσεράκοντα
771 3001 827 3057 τῶν
839 2995 932 3056 ἀστῶν

127 3081 260 3164 λογάδας
278 3083 500 3161 ἐπιβατεύοντας.
543 3083 669 3162 ὁρέοντες
682 3085 711 3142 δὲ
724 3083 788 3145 τοιίς
807 3082 933 3145 πολλοῦς

126 3175 191 3234 τῶν
206 3169 364 3251 συμμάχων
380 3171 569 3248 προδιδόντας,
583 3168 633 3230 οὔκ
653 3171 785 3228 ἐδικαίευν
802 3166 934 3246 γενέσθαι

125 3263 213 3322 τοῖσι
226 3263 339 3319 κακοῖσι
352 3257 442 3319 αὖτῶν
455 3259 556 3336 ὁμοῖοι·
577 3257 656 3316 ἀλλά
668 3255 728 3330 μετ’
742 3253 843 3332 όλίγων
862 3278 932 3330 συμ-
