2204 3430
160 109 191 152 ω
463 105 649 156 «ΗςοΔουοιι
895 105 957 170 [νι.

157 183 213 262 ἔχω
228 182 329 244 ἐλπῶα
348 183 389 262 μὴ
410 183 443 244 οὔ
463 183 563 245 διίσειν
582 183 669 261 ύμέας
683 182 762 259 δίκην
781 185 820 262 τῷ
836 183 960 260 βασιλέϊ

156 273 208 346 τῆς
228 269 414 334 ἀποστάσιος.
455 269 521 330 ἀλλ’
538 272 603 348 ἐμοί
620 297 651 332 τε
672 270 806 332 πείθεσθε
827 272 875 331 καὶ
895 276 960 350 ἐμοὶ

157 356 244 468 ἡμέας
266 357 365 420 αὐτούς
387 359 562 436 ἐπιτρέψατε·
586 357 633 419 καὶ
654 358 720 435 ἡμῖν
744 357 806 439 ἐγιδ,
829 359 900 420 θεῶν
923 363 960 422 τά

157 444 209 504 ἴσα
228 443 374 521 νεμόντων,
388 444 588 523 υποδέκομαι
571 472 590 522 η
603 473 636 506 ου
628 445 804 523 ’συμμίξειν
824 446 900 511 τούς
908 475 959 508 πο-

144 529 316 608 λεμιους,
298 559 317 609 η
340 534 553 614 συμμίσγοντας
576 532 687 593 πολλόν
711 533 959 596 ε’λασσιύσεσθαι.”Ι

111 621 149 680 12
160 619 288 681 Ταΰτα’
269 619 438 686 ακούσαντες
451 624 478 682 οἱ
492 619 611 684 Ἰωνες’
592 621 777 732 επιτρέπρυσι
798 623 891 697 σφέας
910 623 958 682 αὖ·

157 732 222 771 τους
233 733 272 788 τω
257 709 434 789 Διονυσίῳ.
465 736 481 769 ο
473 707 566 778 ’δὲ’
548 707 657 790 ανάγων
670 706 804 768 ἑκάστοτε
818 709 864 768 ἐπι
877 711 959 788 κέρας
991 703 994 710 ‚

156 794 207 859 τιῖς
220 797 297 866 νέας,
319 795 388 861 ὅκως
408 799 485 857 τοῖσι
506 796 617 875 ἐρέτῃσι
637 795 786 875 χρήσαιτο,
809 795 959 859 διέκπλοον

156 883 318 961 ποιεύμενος
337 887 405 964 πῇσι
423 883 504 960 νηυσὶ
522 883 555 943 δι’
571 883 729 960 ἀλληλέων,
750 883 797 942 καὶ
814 883 880 948 τούς
900 889 958 946 ἐπι·

156 971 249 1047 βαίτας
273 971 409 1044 ὁπλίσειε,
433 971 467 1032 τὰ
490 971 593 1032 λοιτδν
615 973 666 1048 τῆς
688 969 793 1050 ἡμέρης
818 971 869 1035 τάς
895 974 958 1038 νέας

156 1058 256 1138 ἔχεσκε
274 1058 316 1120 ἐπ’
330 1058 479 1140 ἀγκυρέων·
499 1059 619 1138 παρεῖχέ
635 1085 667 1118 τε
684 1061 761 1118 τοῖσι
769 1057 851 1118 Ἴωσι
870 1059 958 1122 πόνον

156 1145 191 1206 δι’
203 1147 317 1224 ἡμέρης.
358 1148 444 1226 μέχρι
456 1147 509 1224 μέν
522 1173 570 1207 νυν
582 1146 705 1223 ἡμερέων
721 1145 792 1206 ἐπτά
813 1147 958 1210 ἐπείθοντό

106 1303 108 1308 Ι
154 1259 186 1293 τε
204 1236 250 1294 καὶ
268 1236 376 1295 ἐποίευν
396 1233 430 1294 τό
451 1231 642 1310 κελευόμενον·
662 1237 698 1312 τῇ
719 1233 749 1292 δὲ
765 1234 811 1294 ἐπὶ
828 1233 956 1314 ταύτῃσι,

156 1319 196 1402 [οἱ
203 1321 307 1402 Ἴωνες]
321 1321 367 1380 οἶα
380 1319 500 1384 ἀπαθέες
513 1318 605 1385 ἐόντες
617 1320 709 1382 πόνων
721 1319 852 1382 τοιούτων
864 1347 957 1400 τετρυ-

154 1408 235 1484 μένοι
253 1433 286 1469 πε
305 1407 515 1487 ταλαιπωρίῃσί
533 1433 565 1468 τε
585 1408 632 1468 καὶ
651 1407 745 1488 ἡελίῳ,
767 1408 865 1479 ἔλεξαν
885 1409 957 1487 πρδς

155 1495 270 1559 ἑωυτούς
279 1493 354 1555 τάδε·
372 1505 390 1532 “
397 1496 459 1556 τίνα
472 1495 609 1574 δαιμόνων
620 1495 801 1574 παραβάντες
812 1496 878 1556 τάδε
891 1495 956 1558 ἀνα·

154 1583 329 1660 πίμπλαμεν,
340 1583 439 1648 οἵτινες
450 1583 722 1663 παραφρονήσαντες
735 1583 782 1644 καὶ
793 1584 956 1648 ε’κτλοίσαν·

154 1695 200 1734 τες
218 1674 249 1730 ἐκ
267 1675 318 1732 τοῦ
336 1670 410 1742 νόου,
424 1671 503 1751 ἀνδρὶ
514 1672 624 1732 Φωκαέι·
643 1669 759 1743 ἀλαζόνι
774 1673 956 1754 παρεχομένῳ

154 1757 218 1822 νέας
232 1761 306 1836 τρεῖς
326 1760 522 1838 ἐπιτρέψαντες
538 1759 627 1837 ἡμέας
642 1757 742 1823 αύτούς
753 1759 874 1838 ’ἐχομενς
895 1760 912 1820 ὁ
925 1761 957 1822 δὲ

154 1847 332 1924 παραλαβῶν
345 1847 441 1925 ἡμέας,
455 1848 619 1924 λυμαίνεται
634 1845 745 1926 λύμῃσι
764 1845 955 1923 ἀνηκέστοισι·

155 1933 202 1993 καὶ
224 1932 258 2010 δὴ
279 1935 386 1996 πολλοὶ
408 1937 461 2013 μὶν
480 1935 573 2012 ἡμέων
594 1937 622 1999 ἐς
643 1932 761 1998 νούσους
781 1935 954 2012 πεπτώκασι,

154 2021 260 2082 πολλοὶ
283 2023 313 2082 δέ
340 2023 463 2093 ἐπίδοξοι
488 2022 576 2084 τῶυτδ
602 2026 685 2082 τοῦτο
712 2022 867 2083 πείσεσθαί
888 2027 954 2084 εἶσι·

152 2108 209 2186 πρό
221 2134 252 2170 τε
264 2109 368 2171 τούτων
380 2113 437 2170 τῶν
450 2112 540 2169 κακῶν
552 2107 620 2186 ἡμῖν
629 2135 663 2190 γε
676 2109 799 2186 κρέσσον
813 2109 859 2168 καὶ
873 2109 955 2173 ὄτιιῧν

155 2195 232 2256 ἀλλο
253 2197 367 2258 παθέειν
388 2197 458 2268 ἐστὶ,
484 2196 530 2256 καὶ
552 2195 604 2272 τὴν
630 2197 794 2274 μέλλουσαν
821 2197 955 2276 δουληίην

153 2282 308 2360 ὑπομεῖναι,
321 2283 382 2360 ἥτις
401 2285 489 2353 ἔσται,
505 2285 619 2360 μᾶλλον
638 2281 708 2362 ἢτῇ
725 2283 868 2364 παρεούσῃ
886 2311 953 2346 συν-

153 2371 279 2449 ἔχεσθαι.
313 2371 420 2448 φέρετε,
434 2374 485 2431 τοῦ
498 2374 601 2432 λοιποῦ
613 2370 654 2448 μὴ
668 2370 828 2449 πειθώμεθα
841 2370 954 2432 αύτοῦ.”

152 2462 242 2520 ταῦτα
255 2457 362 2528 ἔλεξαν·
383 2459 429 2518 καὶ
441 2458 513 2536 μετά
525 2462 614 2520 ταῦτα
626 2458 724 2520 αὐτίκα
740 2459 941 2521 πείθεσθαι’
909 2486 954 2520 ου-

152 2545 207 2609 δεὶς
218 2544 352 2654 ἡθελεμ
335 2545 469 2617 αλλ’,οἶα
482 2546 610 2625 στρατιὴ,
624 2547 729 2624 σκηνάς
747 2573 778 2608 τε
796 2546 954 2624 πηξάμενοι

152 2637 181 2694 ἐν
198 2637 235 2713 τῇ
252 2632 329 2716 ιὴσῳ
350 2636 591 2714 ἐσκιητροφέοντο,
605 2661 651 2695 και
640 2633 858 2712 ἐσβαίνειν
826 2661 875 2694 ουκ
893 2636 952 2695 ε’θέ-

107 2723 142 2781 13
153 2725 258 2784 λεσκον
278 2727 306 2788 ἐς
322 2721 373 2788 τοὶς
389 2724 459 2797 νέας,
478 2723 535 2785 οὐδ’
548 2721 762 2801 ἀναπειρᾶσθαι.
804 2721 954 2788 Μαθόντες

153 2810 184 2872 δὲ
197 2815 285 2876 ταῦτα
304 2812 437 2896 γινόμενα
453 2817 483 2873 ἐκ
496 2817 551 2875 τῶν
564 2811 662 2873 Ἰάνων
678 2812 706 2870 οἱ
721 2811 877 2892 στρατηγοὶ
897 2814 953 2872 τῶν

151 2900 271 2979 Σαμίων,
285 2902 403 2964 ἐνθαῦτα
424 2901 458 2979 δὴ
480 2900 545 2980 παρ’
558 2899 676 2964 Αἰάκεος
695 2902 746 2960 τοῦ
767 2900 953 2965 Συλοσῶντος

151 2990 255 3056 κείνους
272 2989 337 3056 τούς
353 2987 489 3069 πρότερον
507 2990 613 3067 ἔπεμπε
633 2986 737 3070 λόγους
749 2987 766 3048 ὁ
779 2986 893 3064 Αἰάκης,
908 3013 953 3048 κε-

150 3078 285 3141 λευόντων
304 3081 361 3139 τῶν
382 3077 524 3154 Περσέων,
548 3074 676 3153 δεόμενός
703 3081 800 3152 σφεων
827 3079 953 3138 ἐκλιπεῖν

149 3166 201 3242 πὴν
212 3166 311 3230 Ἰιύνων
324 3165 565 3244 συμμαχίην,-·οί
576 3163 677 3240 Σάμιοι
691 3162 736 3235 ὧν,
747 3163 878 3242 ὁρέωντες
891 3163 952 3242 άμα

149 3255 202 3330 μὲν
214 3259 317 3318 ἐοῦσαν
330 3252 447 3328 ἀταξίην
459 3250 573 3326 πολλὴν
588 3255 619 3310 ἐκ
633 3253 689 3312 τῶν
701 3249 808 3322 Ἰάνων,
823 3251 952 3315 ἐδέκοντο
