<?xml version="1.0" encoding="UTF-8"?>
<!DOCTYPE html PUBLIC "-//W3C//DTD XHTML 1.0 Transitional//EN"
    "http://www.w3.org/TR/xhtml1/DTD/xhtml1-transitional.dtd">
<html xmlns="http://www.w3.org/1999/xhtml" xml:lang="en" lang="en">
 <head>
  <title>
</title>
<meta http-equiv="Content-Type" content="text/html;charset=utf-8" />
  <meta name='ocr-system' content='tesseract 3.04.00' />
  <meta name='ocr-capabilities' content='ocr_page ocr_carea ocr_par ocr_line ocrx_word'/>
</head>
<body>
  <div class='ocr_page' id='page_1' title='image "./herodotusrecens01blakgoog_0214.png"; bbox 0 0 2280 3432; ppageno 0'>
   <div class='ocr_carea' id='block_1_1' title="bbox 83 133 1043 3367">
    <p class='ocr_par' dir='ltr' id='par_1_1' title="bbox 83 133 1043 3367">
     <span class='ocr_line' id='line_1_1' title="bbox 185 133 984 198; baseline 0.001 -12"><span class='ocrx_word' id='word_1_1' title='bbox 185 133 326 198; x_wconf 82' lang='lat'>192-197]</span> <span class='ocrx_word' id='word_1_2' title='bbox 497 134 683 186; x_wconf 71' lang='grc' dir='ltr'><strong>ΠΟΛΎΜΝῙΑ.</strong></span> <span class='ocrx_word' id='word_1_3' title='bbox 938 137 984 188; x_wconf 78' lang='lat'>201</span> 
     </span>
     <span class='ocr_line' id='line_1_2' title="bbox 185 213 988 294; baseline 0.005 -21"><span class='ocrx_word' id='word_1_4' title='bbox 185 215 345 276; x_wconf 79' lang='grc' dir='ltr'>δικαστέων·</span> <span class='ocrx_word' id='word_1_5' title='bbox 361 213 389 274; x_wconf 80' lang='grc' dir='ltr'>,ὅ</span> <span class='ocrx_word' id='word_1_6' title='bbox 410 214 555 291; x_wconf 79' lang='grc' dir='ltr'>Σανδώκης</span> <span class='ocrx_word' id='word_1_7' title='bbox 576 215 622 274; x_wconf 89' lang='grc' dir='ltr'>ε’πὶ</span> <span class='ocrx_word' id='word_1_8' title='bbox 642 213 773 294; x_wconf 83' lang='grc' dir='ltr'>χρήμασι</span> <span class='ocrx_word' id='word_1_9' title='bbox 794 213 890 275; x_wconf 76' lang='grc' dir='ltr'>ἄδικον</span> <span class='ocrx_word' id='word_1_10' title='bbox 909 216 988 293; x_wconf 90' lang='grc' dir='ltr'>δίκην</span> 
     </span>
     <span class='ocr_line' id='line_1_3' title="bbox 185 301 987 384; baseline 0.005 -24"><span class='ocrx_word' id='word_1_11' title='bbox 185 303 305 362; x_wconf 80' lang='grc' dir='ltr'>ἐδίκασε·</span> <span class='ocrx_word' id='word_1_12' title='bbox 328 301 585 379; x_wconf 71' lang='grc' dir='ltr'>ἀνακρεμασθέντος</span> <span class='ocrx_word' id='word_1_13' title='bbox 603 302 640 364; x_wconf 81' lang='grc' dir='ltr'>ὧν</span> <span class='ocrx_word' id='word_1_14' title='bbox 660 303 753 374; x_wconf 78' lang='grc' dir='ltr'>αὐτοῦ,</span> <span class='ocrx_word' id='word_1_15' title='bbox 774 303 953 384; x_wconf 85' lang='grc' dir='ltr'>λογιζόμενος</span> <span class='ocrx_word' id='word_1_16' title='bbox 971 304 987 364; x_wconf 79' lang='grc' dir='ltr'>ὁ</span> 
     </span>
     <span class='ocr_line' id='line_1_4' title="bbox 186 389 986 473; baseline 0.004 -25"><span class='ocrx_word' id='word_1_17' title='bbox 186 395 303 467; x_wconf 82' lang='grc' dir='ltr'>Δαρεῖος</span> <span class='ocrx_word' id='word_1_18' title='bbox 322 389 385 467; x_wconf 80' lang='grc' dir='ltr'>εὗρέ</span> <span class='ocrx_word' id='word_1_19' title='bbox 400 394 427 450; x_wconf 84' lang='grc' dir='ltr'>οἱ</span> <span class='ocrx_word' id='word_1_20' title='bbox 444 391 521 450; x_wconf 83' lang='grc' dir='ltr'>πλέω</span> <span class='ocrx_word' id='word_1_21' title='bbox 537 391 630 473; x_wconf 76' lang='grc' dir='ltr'>α’γαθό</span> <span class='ocrx_word' id='word_1_22' title='bbox 648 396 704 452; x_wconf 82' lang='grc' dir='ltr'>τῶν</span> <span class='ocrx_word' id='word_1_23' title='bbox 720 391 924 469; x_wconf 77' lang='grc' dir='ltr'>ἁμαρτημάτων</span> <span class='ocrx_word' id='word_1_24' title='bbox 940 418 986 451; x_wconf 92' lang='grc' dir='ltr'>πε-</span> 
     </span>
     <span class='ocr_line' id='line_1_5' title="bbox 185 479 988 558; baseline 0.005 -22"><span class='ocrx_word' id='word_1_25' title='bbox 185 479 322 554; x_wconf 88' lang='grc' dir='ltr'>ποιημένα</span> <span class='ocrx_word' id='word_1_26' title='bbox 336 483 364 542; x_wconf 89' lang='grc' dir='ltr'>ἐς</span> <span class='ocrx_word' id='word_1_27' title='bbox 378 479 454 540; x_wconf 86' lang='grc' dir='ltr'>οἶκον</span> <span class='ocrx_word' id='word_1_28' title='bbox 470 479 521 539; x_wconf 79' lang='grc' dir='ltr'>τᾶν</span> <span class='ocrx_word' id='word_1_29' title='bbox 536 479 702 556; x_wconf 85' lang='grc' dir='ltr'>βασιλήϊον·</span> <span class='ocrx_word' id='word_1_30' title='bbox 724 479 810 558; x_wconf 71' lang='grc' dir='ltr'>εἰρών</span> <span class='ocrx_word' id='word_1_31' title='bbox 823 481 853 538; x_wconf 84' lang='grc' dir='ltr'>δὲ</span> <span class='ocrx_word' id='word_1_32' title='bbox 870 485 953 540; x_wconf 79' lang='grc' dir='ltr'>τοῦτο</span> <span class='ocrx_word' id='word_1_33' title='bbox 971 480 988 540; x_wconf 85' lang='grc' dir='ltr'>ό</span> 
     </span>
     <span class='ocr_line' id='line_1_6' title="bbox 186 565 988 648; baseline 0.005 -24"><span class='ocrx_word' id='word_1_34' title='bbox 186 570 312 643; x_wconf 86' lang='grc' dir='ltr'>Δαρεῖος,</span> <span class='ocrx_word' id='word_1_35' title='bbox 327 568 378 626; x_wconf 69' lang='grc' dir='ltr'>καὶ</span> <span class='ocrx_word' id='word_1_36' title='bbox 391 565 474 648; x_wconf 74' lang='grc' dir='ltr'>γνούς</span> <span class='ocrx_word' id='word_1_37' title='bbox 493 567 528 630; x_wconf 81' lang='grc' dir='ltr'>ώς</span> <span class='ocrx_word' id='word_1_38' title='bbox 545 567 685 647; x_wconf 82' lang='grc' dir='ltr'>ταχύτερα</span> <span class='ocrx_word' id='word_1_39' title='bbox 702 567 785 632; x_wconf 80' lang='grc' dir='ltr'>αύτδς</span> <span class='ocrx_word' id='word_1_40' title='bbox 803 567 821 644; x_wconf 83' lang='grc' dir='ltr'><em>ἢ</em></span> <span class='ocrx_word' id='word_1_41' title='bbox 838 569 988 646; x_wconf 88' lang='grc' dir='ltr'>σοφώτερα</span> 
     </span>
     <span class='ocr_line' id='line_1_7' title="bbox 186 655 988 734; baseline 0.005 -22"><span class='ocrx_word' id='word_1_42' title='bbox 186 655 357 734; x_wconf 81' lang='grc' dir='ltr'>ἐργασμένος</span> <span class='ocrx_word' id='word_1_43' title='bbox 383 655 433 730; x_wconf 81' lang='grc' dir='ltr'>εἴη,</span> <span class='ocrx_word' id='word_1_44' title='bbox 456 656 549 714; x_wconf 84' lang='grc' dir='ltr'>ἔλυσε.</span> <span class='ocrx_word' id='word_1_45' title='bbox 590 657 718 731; x_wconf 80' lang='grc' dir='ltr'>βασιλέα</span> <span class='ocrx_word' id='word_1_46' title='bbox 739 659 791 733; x_wconf 78' lang='grc' dir='ltr'>μὲν</span> <span class='ocrx_word' id='word_1_47' title='bbox 812 657 845 732; x_wconf 80' lang='grc' dir='ltr'>δῇ</span> <span class='ocrx_word' id='word_1_48' title='bbox 867 661 988 734; x_wconf 81' lang='grc' dir='ltr'>Δαρεῖον</span> 
     </span>
     <span class='ocr_line' id='line_1_8' title="bbox 187 741 989 822; baseline 0.011 -23"><span class='ocrx_word' id='word_1_49' title='bbox 187 741 257 800; x_wconf 81' lang='grc' dir='ltr'>οὕτω</span> <span class='ocrx_word' id='word_1_50' title='bbox 278 741 419 822; x_wconf 79' lang='grc' dir='ltr'>διαφυγών</span> <span class='ocrx_word' id='word_1_51' title='bbox 439 741 479 818; x_wconf 78' lang='grc' dir='ltr'>μὴ</span> <span class='ocrx_word' id='word_1_52' title='bbox 500 741 667 813; x_wconf 85' lang='grc' dir='ltr'>α’πολέσθαι,</span> <span class='ocrx_word' id='word_1_53' title='bbox 689 747 796 820; x_wconf 82' lang='grc' dir='ltr'>περιῆν·</span> <span class='ocrx_word' id='word_1_54' title='bbox 824 744 888 804; x_wconf 91' lang='grc' dir='ltr'>τότε</span> <span class='ocrx_word' id='word_1_55' title='bbox 912 745 942 804; x_wconf 86' lang='grc' dir='ltr'>δὲ</span> <span class='ocrx_word' id='word_1_56' title='bbox 963 751 989 808; x_wconf 85' lang='grc' dir='ltr'>ἐς</span> 
     </span>
     <span class='ocr_line' id='line_1_9' title="bbox 185 827 989 910; baseline 0.007 -24"><span class='ocrx_word' id='word_1_57' title='bbox 185 827 250 890; x_wconf 79' lang='grc' dir='ltr'>τούς</span> <span class='ocrx_word' id='word_1_58' title='bbox 265 828 409 903; x_wconf 86' lang='grc' dir='ltr'>Ἕλληνας</span> <span class='ocrx_word' id='word_1_59' title='bbox 420 830 621 899; x_wconf 78' lang='grc' dir='ltr'>καταπλώσας,</span> <span class='ocrx_word' id='word_1_60' title='bbox 640 832 741 907; x_wconf 82' lang='grc' dir='ltr'>ἔμελλε</span> <span class='ocrx_word' id='word_1_61' title='bbox 760 831 791 890; x_wconf 86' lang='grc' dir='ltr'>ού</span> <span class='ocrx_word' id='word_1_62' title='bbox 812 831 844 890; x_wconf 82' lang='grc' dir='ltr'>τό</span> <span class='ocrx_word' id='word_1_63' title='bbox 864 833 989 910; x_wconf 88' lang='grc' dir='ltr'>δεύτερον</span> 
     </span>
     <span class='ocr_line' id='line_1_10' title="bbox 187 915 991 998; baseline 0.011 -24"><span class='ocrx_word' id='word_1_64' title='bbox 187 915 329 996; x_wconf 83' lang='grc' dir='ltr'>διαφυγών</span> <span class='ocrx_word' id='word_1_65' title='bbox 340 917 466 976; x_wconf 80' lang='grc' dir='ltr'>ἔσεσθαι·</span> <span class='ocrx_word' id='word_1_66' title='bbox 482 917 516 980; x_wconf 80' lang='grc' dir='ltr'>ὦς</span> <span class='ocrx_word' id='word_1_67' title='bbox 526 917 581 998; x_wconf 79' lang='grc' dir='ltr'>γάρ</span> <span class='ocrx_word' id='word_1_68' title='bbox 590 924 683 993; x_wconf 89' lang='grc' dir='ltr'>σφεας</span> <span class='ocrx_word' id='word_1_69' title='bbox 694 918 766 978; x_wconf 87' lang='grc' dir='ltr'>εἶδον</span> <span class='ocrx_word' id='word_1_70' title='bbox 776 920 991 994; x_wconf 87' lang='grc' dir='ltr'>προσπλέοντας</span> 
     </span>
     <span class='ocr_line' id='line_1_11' title="bbox 188 1003 989 1085; baseline 0.004 -23"><span class='ocrx_word' id='word_1_71' title='bbox 188 1007 214 1062; x_wconf 80' lang='grc' dir='ltr'>οἳ</span> <span class='ocrx_word' id='word_1_72' title='bbox 230 1003 375 1079; x_wconf 84' lang='grc' dir='ltr'>Ἕλληνες,</span> <span class='ocrx_word' id='word_1_73' title='bbox 396 1003 532 1081; x_wconf 82' lang='grc' dir='ltr'>μαθόντες</span> <span class='ocrx_word' id='word_1_74' title='bbox 553 1003 643 1064; x_wconf 76' lang='grc' dir='ltr'>αὐτῶν</span> <span class='ocrx_word' id='word_1_75' title='bbox 662 1005 714 1080; x_wconf 78' lang='grc' dir='ltr'>τήν</span> <span class='ocrx_word' id='word_1_76' title='bbox 733 1006 882 1085; x_wconf 83' lang='grc' dir='ltr'>γινομένην</span> <span class='ocrx_word' id='word_1_77' title='bbox 894 1007 989 1084; x_wconf 43' lang='grc' dir='ltr'>,ἆμαρ-</span> 
     </span>
     <span class='ocr_line' id='line_1_12' title="bbox 187 1088 1037 1170; baseline 0.007 -20"><span class='ocrx_word' id='word_1_78' title='bbox 187 1089 265 1160; x_wconf 81' lang='grc' dir='ltr'>πόδα,</span> <span class='ocrx_word' id='word_1_79' title='bbox 295 1093 502 1170; x_wconf 89' lang='grc' dir='ltr'>ἐπαναχθέντες,</span> <span class='ocrx_word' id='word_1_80' title='bbox 525 1091 655 1156; x_wconf 76' lang='grc' dir='ltr'>εὐπετέως</span> <span class='ocrx_word' id='word_1_81' title='bbox 683 1095 775 1170; x_wconf 89' lang='grc' dir='ltr'>σφέας</span> <span class='ocrx_word' id='word_1_82' title='bbox 797 1088 881 1154; x_wconf 82' lang='grc' dir='ltr'>εἷλον.</span> <span class='ocrx_word' id='word_1_83' title='bbox 922 1096 1037 1156; x_wconf 86' lang='grc' dir='ltr'>Ἐν195</span> 
     </span>
     <span class='ocr_line' id='line_1_13' title="bbox 187 1179 990 1259; baseline 0.005 -21"><span class='ocrx_word' id='word_1_84' title='bbox 187 1181 305 1240; x_wconf 84' lang='grc' dir='ltr'>τουτέων</span> <span class='ocrx_word' id='word_1_85' title='bbox 324 1183 376 1258; x_wconf 90' lang='grc' dir='ltr'>μιῇ</span> <span class='ocrx_word' id='word_1_86' title='bbox 395 1179 539 1258; x_wconf 86' lang='grc' dir='ltr'>Ἀρίδωλις</span> <span class='ocrx_word' id='word_1_87' title='bbox 559 1183 652 1241; x_wconf 91' lang='grc' dir='ltr'>πλέων</span> <span class='ocrx_word' id='word_1_88' title='bbox 671 1181 740 1256; x_wconf 87' lang='grc' dir='ltr'>ἥλω,</span> <span class='ocrx_word' id='word_1_89' title='bbox 755 1181 886 1259; x_wconf 91' lang='grc' dir='ltr'>τύραννος</span> <span class='ocrx_word' id='word_1_90' title='bbox 906 1183 990 1242; x_wconf 93' lang='grc' dir='ltr'>Ἀλα-</span> 
     </span>
     <span class='ocr_line' id='line_1_14' title="bbox 187 1267 990 1349; baseline 0.007 -24"><span class='ocrx_word' id='word_1_91' title='bbox 187 1267 299 1342; x_wconf 81' lang='grc' dir='ltr'>βάνδων</span> <span class='ocrx_word' id='word_1_92' title='bbox 325 1273 379 1328; x_wconf 85' lang='grc' dir='ltr'>τῶν</span> <span class='ocrx_word' id='word_1_93' title='bbox 406 1273 434 1328; x_wconf 88' lang='grc' dir='ltr'>ἐν</span> <span class='ocrx_word' id='word_1_94' title='bbox 461 1270 564 1348; x_wconf 76' lang='grc' dir='ltr'>Καρίγγ</span> <span class='ocrx_word' id='word_1_95' title='bbox 599 1274 628 1328; x_wconf 92' lang='grc' dir='ltr'>ἐν</span> <span class='ocrx_word' id='word_1_96' title='bbox 658 1271 736 1349; x_wconf 81' lang='grc' dir='ltr'>ἑτέρῃ</span> <span class='ocrx_word' id='word_1_97' title='bbox 764 1269 801 1340; x_wconf 82' lang='grc' dir='ltr'>δὲ,</span> <span class='ocrx_word' id='word_1_98' title='bbox 833 1270 849 1330; x_wconf 85' lang='grc' dir='ltr'>ὁ</span> <span class='ocrx_word' id='word_1_99' title='bbox 876 1271 990 1347; x_wconf 80' lang='grc' dir='ltr'>Πάφιος</span> 
     </span>
     <span class='ocr_line' id='line_1_15' title="bbox 189 1356 989 1440; baseline 0.004 -25"><span class='ocrx_word' id='word_1_100' title='bbox 189 1356 512 1437; x_wconf 76' lang='grc' dir='ltr'>στρατηγόςΉενθύλος</span> <span class='ocrx_word' id='word_1_101' title='bbox 525 1357 541 1416; x_wconf 85' lang='grc' dir='ltr'>ὁ</span> <span class='ocrx_word' id='word_1_102' title='bbox 556 1357 713 1434; x_wconf 86' lang='grc' dir='ltr'>Δημονόου,</span> <span class='ocrx_word' id='word_1_103' title='bbox 729 1357 761 1421; x_wconf 80' lang='grc' dir='ltr'>ός</span> <span class='ocrx_word' id='word_1_104' title='bbox 781 1357 833 1440; x_wconf 84' lang='grc' dir='ltr'>ἦγε</span> <span class='ocrx_word' id='word_1_105' title='bbox 853 1361 904 1435; x_wconf 73' lang='grc' dir='ltr'>μὲν</span> <span class='ocrx_word' id='word_1_106' title='bbox 925 1359 989 1418; x_wconf 87' lang='grc' dir='ltr'>δυώ-</span> 
     </span>
     <span class='ocr_line' id='line_1_16' title="bbox 189 1442 991 1523; baseline 0.005 -21"><span class='ocrx_word' id='word_1_107' title='bbox 189 1442 255 1502; x_wconf 84' lang='grc' dir='ltr'>δεκα</span> <span class='ocrx_word' id='word_1_108' title='bbox 282 1450 348 1520; x_wconf 83' lang='grc' dir='ltr'>νῆας</span> <span class='ocrx_word' id='word_1_109' title='bbox 376 1450 405 1503; x_wconf 89' lang='grc' dir='ltr'>ἐκ</span> <span class='ocrx_word' id='word_1_110' title='bbox 432 1445 547 1521; x_wconf 80' lang='grc' dir='ltr'>Πάφου,</span> <span class='ocrx_word' id='word_1_111' title='bbox 575 1445 733 1522; x_wconf 77' lang='grc' dir='ltr'>ἀποβαλών</span> <span class='ocrx_word' id='word_1_112' title='bbox 760 1446 791 1505; x_wconf 90' lang='grc' dir='ltr'>δέ</span> <span class='ocrx_word' id='word_1_113' title='bbox 817 1453 914 1523; x_wconf 89' lang='grc' dir='ltr'>σφεων</span> <span class='ocrx_word' id='word_1_114' title='bbox 940 1445 991 1509; x_wconf 80' lang='grc' dir='ltr'>τοὶς</span> 
     </span>
     <span class='ocr_line' id='line_1_17' title="bbox 190 1531 991 1614; baseline 0.002 -23"><span class='ocrx_word' id='word_1_115' title='bbox 190 1531 284 1591; x_wconf 80' lang='grc' dir='ltr'>ἕνδεκα</span> <span class='ocrx_word' id='word_1_116' title='bbox 297 1537 334 1610; x_wconf 77' lang='grc' dir='ltr'>τῷ</span> <span class='ocrx_word' id='word_1_117' title='bbox 349 1537 463 1611; x_wconf 80' lang='grc' dir='ltr'>χειμῶνι</span> <span class='ocrx_word' id='word_1_118' title='bbox 481 1537 519 1612; x_wconf 76' lang='grc' dir='ltr'>τῷ</span> <span class='ocrx_word' id='word_1_119' title='bbox 538 1535 676 1614; x_wconf 81' lang='grc' dir='ltr'>γενομένῳ</span> <span class='ocrx_word' id='word_1_120' title='bbox 697 1533 767 1594; x_wconf 71' lang='grc' dir='ltr'>κατα</span> <span class='ocrx_word' id='word_1_121' title='bbox 789 1535 925 1610; x_wconf 75' lang='grc' dir='ltr'>Σηπιάδα,</span> <span class='ocrx_word' id='word_1_122' title='bbox 939 1539 991 1614; x_wconf 90' lang='grc' dir='ltr'>μιῇ</span> 
     </span>
     <span class='ocr_line' id='line_1_18' title="bbox 189 1621 990 1701; baseline 0.005 -24"><span class='ocrx_word' id='word_1_123' title='bbox 189 1624 225 1697; x_wconf 93' lang='grc' dir='ltr'>τῇ</span> <span class='ocrx_word' id='word_1_124' title='bbox 244 1621 441 1701; x_wconf 82' lang='grc' dir='ltr'>περιγενομένῃ</span> <span class='ocrx_word' id='word_1_125' title='bbox 466 1622 629 1681; x_wconf 87' lang='grc' dir='ltr'>καταπλέων</span> <span class='ocrx_word' id='word_1_126' title='bbox 653 1621 695 1680; x_wconf 78' lang='grc' dir='ltr'>ἐπ’</span> <span class='ocrx_word' id='word_1_127' title='bbox 715 1621 894 1700; x_wconf 89' lang='grc' dir='ltr'>Ἀρτεμίσιον</span> <span class='ocrx_word' id='word_1_128' title='bbox 920 1623 990 1698; x_wconf 84' lang='grc' dir='ltr'>ἥλω.</span> 
     </span>
     <span class='ocr_line' id='line_1_19' title="bbox 189 1707 990 1788; baseline 0.006 -23"><span class='ocrx_word' id='word_1_129' title='bbox 189 1707 302 1770; x_wconf 82' lang='grc' dir='ltr'>τούτους</span> <span class='ocrx_word' id='word_1_130' title='bbox 323 1711 349 1767; x_wconf 86' lang='grc' dir='ltr'>οἶ</span> <span class='ocrx_word' id='word_1_131' title='bbox 364 1707 511 1784; x_wconf 85' lang='grc' dir='ltr'>Ἕλληνες,</span> <span class='ocrx_word' id='word_1_132' title='bbox 528 1709 758 1788; x_wconf 79' lang='grc' dir='ltr'>ἐξιστορήσαντες</span> <span class='ocrx_word' id='word_1_133' title='bbox 778 1709 813 1770; x_wconf 79' lang='grc' dir='ltr'>τοὶ</span> <span class='ocrx_word' id='word_1_134' title='bbox 835 1711 990 1787; x_wconf 84' lang='grc' dir='ltr'>ἐβούλοντο</span> 
     </span>
     <span class='ocr_line' id='line_1_20' title="bbox 190 1795 992 1877; baseline 0.007 -24"><span class='ocrx_word' id='word_1_135' title='bbox 190 1797 330 1854; x_wconf 87' lang='grc' dir='ltr'>πυθέσθαι</span> <span class='ocrx_word' id='word_1_136' title='bbox 356 1795 412 1855; x_wconf 81' lang='grc' dir='ltr'>οἶπδ</span> <span class='ocrx_word' id='word_1_137' title='bbox 432 1801 482 1872; x_wconf 79' lang='grc' dir='ltr'>τῆς</span> <span class='ocrx_word' id='word_1_138' title='bbox 502 1798 610 1874; x_wconf 82' lang='grc' dir='ltr'>Ξέρξεω</span> <span class='ocrx_word' id='word_1_139' title='bbox 631 1803 772 1876; x_wconf 83' lang='grc' dir='ltr'>στρατιῆς,</span> <span class='ocrx_word' id='word_1_140' title='bbox 791 1798 992 1877; x_wconf 79' lang='grc' dir='ltr'>ἀποπέμπουσι</span> 
     </span>
     <span class='ocr_line' id='line_1_21' title="bbox 83 1854 752 1995; baseline 0.007 -56"><span class='ocrx_word' id='word_1_141' title='bbox 83 1854 169 1995; x_wconf 50' lang='grc' dir='ltr'>θῇ]</span> <span class='ocrx_word' id='word_1_142' title='bbox 191 1881 349 1958; x_wconf 84' lang='grc' dir='ltr'>δεδεμένους</span> <span class='ocrx_word' id='word_1_143' title='bbox 363 1889 389 1945; x_wconf 87' lang='grc' dir='ltr'>ἐς</span> <span class='ocrx_word' id='word_1_144' title='bbox 401 1883 451 1942; x_wconf 81' lang='grc' dir='ltr'>τόν</span> <span class='ocrx_word' id='word_1_145' title='bbox 461 1886 615 1960; x_wconf 86' lang='grc' dir='ltr'>Κορινθίων</span> <span class='ocrx_word' id='word_1_146' title='bbox 627 1885 752 1962; x_wconf 55' lang='grc' dir='ltr'>Ἰἣθμόν</span> 
     </span>
     <span class='ocr_line' id='line_1_22' title="bbox 92 1969 1037 2048; baseline 0.006 -21"><span class='ocrx_word' id='word_1_147' title='bbox 92 1997 129 2006; x_wconf 60' lang='lat'>.,</span> <span class='ocrx_word' id='word_1_148' title='bbox 231 1969 265 2028; x_wconf 91' lang='grc' dir='ltr'><strong>Ὁ</strong></span> <span class='ocrx_word' id='word_1_149' title='bbox 287 1974 338 2045; x_wconf 82' lang='grc' dir='ltr'>μὲν</span> <span class='ocrx_word' id='word_1_150' title='bbox 359 1970 392 2044; x_wconf 79' lang='grc' dir='ltr'>δῇ</span> <span class='ocrx_word' id='word_1_151' title='bbox 412 1970 539 2038; x_wconf 83' lang='grc' dir='ltr'>ναυτικός</span> <span class='ocrx_word' id='word_1_152' title='bbox 559 1971 574 2030; x_wconf 79' lang='grc' dir='ltr'>ὁ</span> <span class='ocrx_word' id='word_1_153' title='bbox 594 1975 649 2030; x_wconf 80' lang='grc' dir='ltr'>τιδν</span> <span class='ocrx_word' id='word_1_154' title='bbox 664 1971 821 2048; x_wconf 77' lang='grc' dir='ltr'>βαρβάρων</span> <span class='ocrx_word' id='word_1_155' title='bbox 839 1975 968 2048; x_wconf 76' lang='grc' dir='ltr'>στρατός,</span> <span class='ocrx_word' id='word_1_156' title='bbox 981 1977 1037 2035; x_wconf 83' lang='grc'>196</span> 
     </span>
     <span class='ocr_line' id='line_1_23' title="bbox 191 2056 992 2132; baseline 0.006 -17"><span class='ocrx_word' id='word_1_157' title='bbox 191 2056 282 2132; x_wconf 80' lang='grc' dir='ltr'>πάρεξ</span> <span class='ocrx_word' id='word_1_158' title='bbox 299 2061 354 2116; x_wconf 84' lang='grc' dir='ltr'>τῶν</span> <span class='ocrx_word' id='word_1_159' title='bbox 374 2058 567 2116; x_wconf 87' lang='grc' dir='ltr'>πεντεκαίδεκα</span> <span class='ocrx_word' id='word_1_160' title='bbox 587 2063 654 2118; x_wconf 80' lang='grc' dir='ltr'>νεῶν</span> <span class='ocrx_word' id='word_1_161' title='bbox 673 2063 729 2118; x_wconf 81' lang='grc' dir='ltr'>τῶν</span> <span class='ocrx_word' id='word_1_162' title='bbox 750 2060 828 2119; x_wconf 81' lang='grc' dir='ltr'>εἶπον</span> <span class='ocrx_word' id='word_1_163' title='bbox 847 2061 992 2124; x_wconf 79' lang='grc' dir='ltr'>Σανδώκεα</span> 
     </span>
     <span class='ocr_line' id='line_1_24' title="bbox 190 2143 993 2225; baseline 0.005 -21"><span class='ocrx_word' id='word_1_164' title='bbox 190 2145 382 2225; x_wconf 88' lang='grc' dir='ltr'>στρατηγέειν,</span> <span class='ocrx_word' id='word_1_165' title='bbox 400 2143 513 2204; x_wconf 87' lang='grc' dir='ltr'>α’πίκετο</span> <span class='ocrx_word' id='word_1_166' title='bbox 531 2150 559 2208; x_wconf 83' lang='grc' dir='ltr'>ές</span> <span class='ocrx_word' id='word_1_167' title='bbox 575 2144 707 2220; x_wconf 80' lang='grc' dir='ltr'>Ἀφέτας.</span> <span class='ocrx_word' id='word_1_168' title='bbox 749 2146 854 2223; x_wconf 80' lang='grc' dir='ltr'>Ξέρξης</span> <span class='ocrx_word' id='word_1_169' title='bbox 870 2147 961 2206; x_wconf 84' lang='grc' dir='ltr'>δὲκαὶ</span> <span class='ocrx_word' id='word_1_170' title='bbox 977 2149 993 2208; x_wconf 84' lang='grc' dir='ltr'>ὁ</span> 
     </span>
     <span class='ocr_line' id='line_1_25' title="bbox 192 2233 992 2313; baseline 0.006 -22"><span class='ocrx_word' id='word_1_171' title='bbox 192 2233 281 2306; x_wconf 80' lang='grc' dir='ltr'>πεζός,</span> <span class='ocrx_word' id='word_1_172' title='bbox 297 2233 440 2308; x_wconf 83' lang='grc' dir='ltr'>πορευθεὶς</span> <span class='ocrx_word' id='word_1_173' title='bbox 455 2233 500 2292; x_wconf 72' lang='grc' dir='ltr'>διὰ</span> <span class='ocrx_word' id='word_1_174' title='bbox 519 2234 681 2309; x_wconf 83' lang='grc' dir='ltr'>Θεσσαλίης</span> <span class='ocrx_word' id='word_1_175' title='bbox 702 2234 748 2292; x_wconf 90' lang='grc' dir='ltr'>καὶ</span> <span class='ocrx_word' id='word_1_176' title='bbox 760 2234 895 2313; x_wconf 82' lang='grc' dir='ltr'>Ἀχαιίης,</span> <span class='ocrx_word' id='word_1_177' title='bbox 909 2238 992 2312; x_wconf 87' lang='grc' dir='ltr'>ἐσβε-</span> 
     </span>
     <span class='ocr_line' id='line_1_26' title="bbox 126 2320 992 2403; baseline 0.009 -29"><span class='ocrx_word' id='word_1_178' title='bbox 126 2365 129 2374; x_wconf 94' lang='grc'>,</span> <span class='ocrx_word' id='word_1_179' title='bbox 192 2321 308 2396; x_wconf 83' lang='grc' dir='ltr'>βληκώς</span> <span class='ocrx_word' id='word_1_180' title='bbox 320 2320 355 2396; x_wconf 82' lang='grc' dir='ltr'>ἦν</span> <span class='ocrx_word' id='word_1_181' title='bbox 369 2321 414 2378; x_wconf 81' lang='grc' dir='ltr'>καὶ</span> <span class='ocrx_word' id='word_1_182' title='bbox 429 2320 462 2396; x_wconf 77' lang='grc' dir='ltr'>δὴ</span> <span class='ocrx_word' id='word_1_183' title='bbox 472 2325 594 2398; x_wconf 85' lang='grc' dir='ltr'>τριταῖος</span> <span class='ocrx_word' id='word_1_184' title='bbox 608 2325 635 2384; x_wconf 89' lang='grc' dir='ltr'>ἐς</span> <span class='ocrx_word' id='word_1_185' title='bbox 645 2323 782 2398; x_wconf 88' lang='grc' dir='ltr'>Μηλιέας·</span> <span class='ocrx_word' id='word_1_186' title='bbox 805 2327 834 2382; x_wconf 88' lang='grc' dir='ltr'>ἐν</span> <span class='ocrx_word' id='word_1_187' title='bbox 844 2325 992 2403; x_wconf 81' lang='grc' dir='ltr'>Θεσσαλίῃ</span> 
     </span>
     <span class='ocr_line' id='line_1_27' title="bbox 192 2408 993 2486; baseline 0.004 -18"><span class='ocrx_word' id='word_1_188' title='bbox 192 2411 244 2485; x_wconf 82' lang='grc' dir='ltr'>μὲν</span> <span class='ocrx_word' id='word_1_189' title='bbox 263 2408 387 2486; x_wconf 79' lang='grc' dir='ltr'>ἅμιλλαν</span> <span class='ocrx_word' id='word_1_190' title='bbox 407 2408 596 2486; x_wconf 84' lang='grc' dir='ltr'>ποιησόμενος</span> <span class='ocrx_word' id='word_1_191' title='bbox 613 2409 703 2470; x_wconf 83' lang='grc' dir='ltr'>ἵππων</span> <span class='ocrx_word' id='word_1_192' title='bbox 718 2414 773 2470; x_wconf 82' lang='grc' dir='ltr'>τῶν</span> <span class='ocrx_word' id='word_1_193' title='bbox 794 2414 902 2484; x_wconf 80' lang='grc' dir='ltr'>ἑωυτοῦ,</span> <span class='ocrx_word' id='word_1_194' title='bbox 925 2411 993 2471; x_wconf 85' lang='grc' dir='ltr'>α’πο-</span> 
     </span>
     <span class='ocr_line' id='line_1_28' title="bbox 193 2496 994 2576; baseline 0.007 -22"><span class='ocrx_word' id='word_1_195' title='bbox 193 2496 360 2573; x_wconf 88' lang='grc' dir='ltr'>πειρώμενος</span> <span class='ocrx_word' id='word_1_196' title='bbox 384 2497 430 2556; x_wconf 85' lang='grc' dir='ltr'>καὶ</span> <span class='ocrx_word' id='word_1_197' title='bbox 456 2501 506 2572; x_wconf 84' lang='grc' dir='ltr'>τῆς</span> <span class='ocrx_word' id='word_1_198' title='bbox 533 2499 696 2574; x_wconf 87' lang='grc' dir='ltr'>Θεσσαλίης</span> <span class='ocrx_word' id='word_1_199' title='bbox 719 2499 813 2567; x_wconf 83' lang='grc' dir='ltr'>ἵππου,</span> <span class='ocrx_word' id='word_1_200' title='bbox 838 2498 994 2576; x_wconf 88' lang='grc' dir='ltr'>πυθόμενος</span> 
     </span>
     <span class='ocr_line' id='line_1_29' title="bbox 194 2583 994 2663; baseline 0.013 -21"><span class='ocrx_word' id='word_1_201' title='bbox 194 2583 229 2647; x_wconf 79' lang='grc' dir='ltr'>ὦς</span> <span class='ocrx_word' id='word_1_202' title='bbox 243 2585 344 2662; x_wconf 79' lang='grc' dir='ltr'>α’ρίστη</span> <span class='ocrx_word' id='word_1_203' title='bbox 357 2587 398 2662; x_wconf 86' lang='grc' dir='ltr'>εἴη</span> <span class='ocrx_word' id='word_1_204' title='bbox 410 2590 466 2646; x_wconf 88' lang='grc' dir='ltr'>τῶν</span> <span class='ocrx_word' id='word_1_205' title='bbox 477 2591 505 2645; x_wconf 82' lang='grc' dir='ltr'>ἐν</span> <span class='ocrx_word' id='word_1_206' title='bbox 514 2586 651 2662; x_wconf 86' lang='grc' dir='ltr'>Ἕλλησι·</span> <span class='ocrx_word' id='word_1_207' title='bbox 669 2588 734 2647; x_wconf 82' lang='grc' dir='ltr'>ἔνθα</span> <span class='ocrx_word' id='word_1_208' title='bbox 748 2587 782 2663; x_wconf 81' lang='grc' dir='ltr'>δῇ</span> <span class='ocrx_word' id='word_1_209' title='bbox 793 2590 822 2646; x_wconf 82' lang='grc' dir='ltr'>αἱ</span> <span class='ocrx_word' id='word_1_210' title='bbox 831 2587 994 2663; x_wconf 80' lang='grc' dir='ltr'>Ἑλληνίδες</span> 
     </span>
     <span class='ocr_line' id='line_1_30' title="bbox 196 2671 994 2755; baseline 0.009 -27"><span class='ocrx_word' id='word_1_211' title='bbox 196 2671 276 2730; x_wconf 81' lang='grc' dir='ltr'>ἵπποι</span> <span class='ocrx_word' id='word_1_212' title='bbox 289 2675 419 2733; x_wconf 81' lang='grc' dir='ltr'>ἐλίποντο</span> <span class='ocrx_word' id='word_1_213' title='bbox 432 2674 550 2734; x_wconf 90' lang='grc' dir='ltr'>πολλόν.</span> <span class='ocrx_word' id='word_1_214' title='bbox 593 2678 648 2734; x_wconf 82' lang='grc' dir='ltr'>τῶν</span> <span class='ocrx_word' id='word_1_215' title='bbox 666 2675 718 2752; x_wconf 90' lang='grc' dir='ltr'>μέν</span> <span class='ocrx_word' id='word_1_216' title='bbox 735 2701 784 2734; x_wconf 93' lang='grc' dir='ltr'>νυν</span> <span class='ocrx_word' id='word_1_217' title='bbox 800 2679 829 2734; x_wconf 89' lang='grc' dir='ltr'>ἐν</span> <span class='ocrx_word' id='word_1_218' title='bbox 845 2679 994 2755; x_wconf 84' lang='grc' dir='ltr'>Θεσσαλίῃ</span> 
     </span>
     <span class='ocr_line' id='line_1_31' title="bbox 195 2761 994 2842; baseline 0.01 -27"><span class='ocrx_word' id='word_1_219' title='bbox 195 2763 336 2835; x_wconf 80' lang='grc' dir='ltr'>ποταμῶν,</span> <span class='ocrx_word' id='word_1_220' title='bbox 366 2761 521 2840; x_wconf 90' lang='grc' dir='ltr'>Ὀνόχωνος</span> <span class='ocrx_word' id='word_1_221' title='bbox 560 2765 663 2838; x_wconf 82' lang='grc' dir='ltr'>μοῦνος</span> <span class='ocrx_word' id='word_1_222' title='bbox 697 2763 746 2821; x_wconf 75' lang='grc' dir='ltr'>οὐκ</span> <span class='ocrx_word' id='word_1_223' title='bbox 781 2761 926 2841; x_wconf 90' lang='grc' dir='ltr'>α’πέχρησε</span> <span class='ocrx_word' id='word_1_224' title='bbox 958 2769 994 2842; x_wconf 83' lang='grc' dir='ltr'>τῇ</span> 
     </span>
     <span class='ocr_line' id='line_1_32' title="bbox 195 2848 995 2930; baseline 0.006 -26"><span class='ocrx_word' id='word_1_225' title='bbox 195 2850 314 2924; x_wconf 79' lang='grc' dir='ltr'>στρατιῇ</span> <span class='ocrx_word' id='word_1_226' title='bbox 336 2849 369 2907; x_wconf 81' lang='grc' dir='ltr'>τό</span> <span class='ocrx_word' id='word_1_227' title='bbox 391 2849 511 2924; x_wconf 82' lang='grc' dir='ltr'>ῥέεθρον,</span> <span class='ocrx_word' id='word_1_228' title='bbox 533 2848 689 2925; x_wconf 89' lang='grc' dir='ltr'>πινόμενος·</span> <span class='ocrx_word' id='word_1_229' title='bbox 709 2850 812 2910; x_wconf 79' lang='grc' dir='ltr'>τῶνδὲ</span> <span class='ocrx_word' id='word_1_230' title='bbox 832 2855 860 2909; x_wconf 84' lang='grc' dir='ltr'>ἐν</span> <span class='ocrx_word' id='word_1_231' title='bbox 882 2849 995 2930; x_wconf 80' lang='grc' dir='ltr'>Ἀχαιίῃ</span> 
     </span>
     <span class='ocr_line' id='line_1_33' title="bbox 195 2935 996 3018; baseline 0.007 -28"><span class='ocrx_word' id='word_1_232' title='bbox 195 2939 329 3010; x_wconf 82' lang='grc' dir='ltr'>ποταμῶν</span> <span class='ocrx_word' id='word_1_233' title='bbox 341 2935 465 3011; x_wconf 85' lang='grc' dir='ltr'>ῥεόντων,</span> <span class='ocrx_word' id='word_1_234' title='bbox 481 2935 544 2995; x_wconf 80' lang='grc' dir='ltr'>οὐδὲ</span> <span class='ocrx_word' id='word_1_235' title='bbox 556 2936 635 3000; x_wconf 83' lang='grc' dir='ltr'>ὅστις</span> <span class='ocrx_word' id='word_1_236' title='bbox 651 2937 667 2996; x_wconf 84' lang='grc' dir='ltr'>ό</span> <span class='ocrx_word' id='word_1_237' title='bbox 680 2938 814 3018; x_wconf 89' lang='grc' dir='ltr'>μέγιστος</span> <span class='ocrx_word' id='word_1_238' title='bbox 832 2937 920 2997; x_wconf 78' lang='grc' dir='ltr'>αὐτῶν</span> <span class='ocrx_word' id='word_1_239' title='bbox 934 2940 996 2998; x_wconf 84' lang='grc' dir='ltr'>ἐστὶ</span> 
     </span>
     <span class='ocr_line' id='line_1_34' title="bbox 195 3019 916 3102; baseline 0.001 -22"><span class='ocrx_word' id='word_1_240' title='bbox 195 3019 354 3096; x_wconf 81' lang='grc' dir='ltr'>Ἠπιδανός,</span> <span class='ocrx_word' id='word_1_241' title='bbox 371 3022 434 3081; x_wconf 79' lang='grc' dir='ltr'>οὐδὲ</span> <span class='ocrx_word' id='word_1_242' title='bbox 448 3020 528 3086; x_wconf 82' lang='grc' dir='ltr'>οὗτος</span> <span class='ocrx_word' id='word_1_243' title='bbox 541 3024 668 3102; x_wconf 75' lang='grc' dir='ltr'>ἀντέσχε,</span> <span class='ocrx_word' id='word_1_244' title='bbox 685 3029 708 3084; x_wconf 86' lang='grc' dir='ltr'>εἰ</span> <span class='ocrx_word' id='word_1_245' title='bbox 721 3025 762 3101; x_wconf 72' lang='grc' dir='ltr'>μὴ</span> <span class='ocrx_word' id='word_1_246' title='bbox 776 3023 916 3100; x_wconf 81' lang='grc' dir='ltr'>φλαύρως.</span> 
     </span>
     <span class='ocr_line' id='line_1_35' title="bbox 236 3109 1043 3191; baseline 0.004 -22"><span class='ocrx_word' id='word_1_247' title='bbox 236 3109 284 3173; x_wconf 87' lang='grc' dir='ltr'>Ἐς</span> <span class='ocrx_word' id='word_1_248' title='bbox 298 3109 390 3170; x_wconf 74' lang='grc' dir='ltr'>’Ἀλον</span> <span class='ocrx_word' id='word_1_249' title='bbox 407 3111 437 3169; x_wconf 85' lang='grc' dir='ltr'>δὲ</span> <span class='ocrx_word' id='word_1_250' title='bbox 457 3114 508 3186; x_wconf 81' lang='grc' dir='ltr'>τῆς</span> <span class='ocrx_word' id='word_1_251' title='bbox 520 3111 648 3191; x_wconf 76' lang='grc' dir='ltr'>Ἀχαιίης</span> <span class='ocrx_word' id='word_1_252' title='bbox 664 3113 820 3190; x_wconf 78' lang='grc' dir='ltr'>ἀπικομένῳ</span> <span class='ocrx_word' id='word_1_253' title='bbox 836 3111 935 3188; x_wconf 75' lang='grc' dir='ltr'>Ξέρξη,</span> <span class='ocrx_word' id='word_1_254' title='bbox 949 3112 976 3168; x_wconf 84' lang='grc' dir='ltr'>οἱ</span> <span class='ocrx_word' id='word_1_255' title='bbox 987 3111 1043 3172; x_wconf 82' lang='grc'>197</span> 
     </span>
     <span class='ocr_line' id='line_1_36' title="bbox 139 3198 995 3280; baseline -0.001 -22"><span class='ocrx_word' id='word_1_256' title='bbox 139 3238 141 3242; x_wconf 93' lang='grc'>-</span> <span class='ocrx_word' id='word_1_257' title='bbox 197 3198 382 3280; x_wconf 85' lang='grc' dir='ltr'>κατηγεμόνες</span> <span class='ocrx_word' id='word_1_258' title='bbox 394 3203 445 3275; x_wconf 82' lang='grc' dir='ltr'>τῆς</span> <span class='ocrx_word' id='word_1_259' title='bbox 458 3198 523 3258; x_wconf 84' lang='grc' dir='ltr'>ὁδοῦ</span> <span class='ocrx_word' id='word_1_260' title='bbox 533 3200 705 3277; x_wconf 88' lang='grc' dir='ltr'>βουλόμενοι</span> <span class='ocrx_word' id='word_1_261' title='bbox 714 3200 747 3260; x_wconf 81' lang='grc' dir='ltr'>τό</span> <span class='ocrx_word' id='word_1_262' title='bbox 757 3203 813 3258; x_wconf 79' lang='grc' dir='ltr'>πᾶν</span> <span class='ocrx_word' id='word_1_263' title='bbox 824 3199 995 3280; x_wconf 79' lang='grc' dir='ltr'>ἐξηγέεσθαι,</span> 
     </span>
     <span class='ocr_line' id='line_1_37' title="bbox 198 3285 997 3367; baseline 0 -23"><span class='ocrx_word' id='word_1_264' title='bbox 198 3287 296 3367; x_wconf 78' lang='grc' dir='ltr'>ἔλεγόν</span> <span class='ocrx_word' id='word_1_265' title='bbox 319 3291 345 3346; x_wconf 82' lang='grc' dir='ltr'>οἳ</span> <span class='ocrx_word' id='word_1_266' title='bbox 367 3286 515 3364; x_wconf 80' lang='grc' dir='ltr'>ἐπιχώριον</span> <span class='ocrx_word' id='word_1_267' title='bbox 542 3287 637 3366; x_wconf 84' lang='grc' dir='ltr'>λόγον,</span> <span class='ocrx_word' id='word_1_268' title='bbox 658 3287 694 3344; x_wconf 80' lang='grc' dir='ltr'>τοὶ</span> <span class='ocrx_word' id='word_1_269' title='bbox 721 3287 785 3362; x_wconf 87' lang='grc' dir='ltr'>περὶ</span> <span class='ocrx_word' id='word_1_270' title='bbox 808 3287 840 3346; x_wconf 79' lang='grc' dir='ltr'>τό</span> <span class='ocrx_word' id='word_1_271' title='bbox 865 3285 924 3362; x_wconf 77' lang='grc' dir='ltr'>ἱρόν</span> <span class='ocrx_word' id='word_1_272' title='bbox 946 3290 997 3345; x_wconf 84' lang='grc' dir='ltr'>τοῦ</span> 
     </span>
    </p>
   </div>
   <div class='ocr_carea' id='block_1_2' title="bbox 0 0 1158 3432">
    <p class='ocr_par' dir='ltr' id='par_1_2' title="bbox 0 0 1158 3432">
     <span class='ocr_line' id='line_1_38' title="bbox 0 0 1158 3432; baseline 0 0"><span class='ocrx_word' id='word_1_273' title='bbox 0 0 1158 3432; x_wconf 95' lang='lat' dir='ltr'> </span> 
     </span>
    </p>
   </div>
  </div>
 </body>
</html>
