2280 3432
151 115 293 180 103-107]
478 113 636 164 omma:
906 118 952 166 τοι

153 195 230 272 παρά
243 194 298 276 γάρ
310 197 387 255 τοῖσι
400 191 578 272 βαρβάροισι
589 191 750 270 τιμιώτεροί
761 195 817 253 είσι
827 195 853 254 οἱ
864 193 956 256 εόνοῢ·

152 307 209 362 χοι,
223 285 335 346 πίστιος
348 283 437 344 εἵνεκα
450 285 500 357 τῆς
512 279 614 358 πάσης,
628 284 684 340 τῶν
694 281 832 359 ἐνορχίων·
849 281 955 348 ἅλλους

152 395 185 430 τε
202 370 237 446 δή
251 369 267 430 ό
281 371 434 434 Πανιώνιος
450 369 564 446 ἐξέταμε
580 367 714 438 πολλοῦς,
728 367 777 428 ὅτε
792 370 954 449 ποιεόμενος

153 461 185 516 ἐκ
196 457 295 518 τούτου
308 458 360 534 την
373 459 447 535 ζόην,
463 457 508 517 καὶ
521 457 556 534 δή
570 457 616 517 καὶ
624 461 732 518 τοῦτον·
754 456 800 516 καὶ
811 456 844 518 ου’
853 457 909 540 γάρ
918 457 955 519 τά

152 545 244 607 πάντα
266 546 415 626 ἐδυστύχεε
433 545 449 607 ό
469 546 646 623 Ἑρμότιμος,
669 545 827 608 άπικνέεται
850 551 880 606 ἐκ
900 551 955 609 τῶν

152 635 277 711 Σαρδίων
296 636 374 712 παραὶ
394 635 521 711 βασιλέα
538 632 598 711 μετ’
612 634 708 694 ἄλλων
726 634 827 712 δώρων·
851 635 954 715 χρόνον

152 720 183 780 δὲ
196 721 350 797 προϊόντος,
363 722 473 783 πάντων
486 727 541 782 τῶν
552 720 688 800 εόνοώχων
699 723 815 800 ἐτιμήθη
825 723 954 800 μάλιστα

152 806 229 883 παρὰ
251 807 354 888 Ξέρξη.
394 810 442 873 Ὡς
460 809 490 869 δὲ
507 808 540 869 τό
559 808 720 885 στράτευμα
737 808 770 870 τά
790 811 932 886 Περσικόν
943 813 1000 872 106

152 893 226 971 ὅρμα
246 895 263 956 ό
282 895 422 973 βασιλεῦς
438 898 484 956 ε’πὶ
499 897 549 960 τὰς
564 895 687 970 Ἀθήνας
705 896 756 957 ἐών
778 901 807 956 ἐν
827 898 953 974 Σάρδισι,

153 984 273 1043 ἐνθαῦτα
292 985 419 1060 καταβάς
437 983 509 1044 κατά
527 983 607 1059 δήτι
625 987 742 1064 πρῆγμα
755 981 772 1043 ό
785 982 953 1061 Ἑρμότιμος

153 1074 180 1133 ἐς
192 1075 247 1151 γῆν
258 1071 311 1147 την
321 1072 445 1148 Μυσίην,
455 1071 508 1148 τὴν
517 1075 584 1131 Χῖοι
593 1073 645 1147 μὲν
655 1071 793 1147 νέμονται,
807 1069 954 1150 Ἀταρνεῧς

152 1157 183 1217 δὲ
197 1159 335 1229 καλέεται,
356 1158 478 1237 εόρίσκει
498 1159 548 1221 τόν
568 1159 723 1219 Πανιώνιον
747 1161 875 1220 ἐνθαῦτα·
896 1165 953 1220 ἐπι-

151 1246 234 1327 γνοὺς
260 1246 291 1306 δὲ
317 1248 396 1328 ἔλεγε
422 1247 492 1325 πρός
519 1246 603 1308 αὗτόν
623 1246 749 1310 πολλοῦς
770 1247 817 1306 καὶ
839 1248 953 1322 φιλίους

151 1333 263 1415 λόγους,
292 1340 389 1412 πρῶτα
414 1337 466 1412 μέν
490 1337 517 1396 οἱ
544 1334 704 1414 καταλέγων
731 1333 787 1394 ὅσα
813 1333 896 1398 αὐτός
918 1335 952 1394 δι’

152 1427 256 1483 ἐκεῖνον
276 1424 343 1502 ,ἔχοι
370 1422 471 1505 ἀγαθά,
493 1422 607 1500 δεύτερα
631 1421 662 1482 δέ
685 1425 712 1481 οἶ
732 1421 953 1502 όπισχνεώμενος

151 1508 213 1571 άντὶ
239 1510 343 1572 τούτων
365 1510 422 1572 ὅσα
447 1535 495 1589 μιν
519 1509 613 1592 ἀγαθά
634 1509 756 1585 ποιήσει,
778 1508 814 1587 ἢν
836 1511 952 1588 κομισά-
978 1521 985 1535 ’

150 1624 233 1675 μενος
248 1599 313 1664 τούς
328 1601 435 1664 οἰκέτας
451 1600 527 1678 οἰκέῃ
545 1599 643 1678 ἐκείνη·
664 1597 737 1659 ὥστε
750 1597 953 1676 ὖποδεξάμενον

152 1685 274 1766 ἅσμενον
297 1688 362 1752 τούς
388 1688 491 1771 λόγους
517 1685 566 1748 τόν
594 1686 758 1759 Πανιώνιον,
777 1688 894 1766 κομίσαι
916 1689 952 1750 τά

150 1776 233 1835 τέκνα
261 1778 307 1837 καὶ
333 1777 385 1854 τήν
405 1781 532 1859 γυναῖκα·
563 1775 599 1840 ώς
622 1773 652 1834 δὲ
674 1774 728 1853 άρα
752 1778 881 1856 πανοικίη
904 1803 953 1854 μιν

151 1865 314 1940 περιέλαβε,
339 1867 418 1946 ἔλεγε
441 1863 645 1943 όἛρμότιμος
667 1862 742 1925 τάδε·
770 1863 817 1922 “αἰ
843 1864 953 1925 πάντων

152 1946 257 2026 ἀνδρῶν
269 1949 323 2026 ἤδη
336 1951 464 2026 μάλιστα
472 1951 519 2011 ἀπ’
528 1953 614 2034 ἔργων
624 1950 817 2012 α’νοσιωτάτων
826 1951 876 2012 τόν
885 1952 952 2028 βίον

152 2036 316 2112 κτησάμενε,
330 2039 362 2097 τί
372 2040 407 2097 σέ
421 2037 474 2120 ἐγώ
489 2039 574 2098 κακόν
591 2039 609 2116 ἢ
628 2033 711 2103 αὐτός
723 2036 742 2116 ἢ
755 2043 810 2098 τῶν
824 2041 896 2115 ἐμῶν
911 2065 952 2102 τις

153 2123 293 2205 ἐργάσατο
310 2125 329 2202 ἦ
350 2128 392 2200 σὲ,
412 2125 430 2202 ἢ
444 2129 499 2186 τών
512 2131 571 2187 σῶν
584 2154 654 2199 τινα,
677 2127 721 2190 ὅτι
733 2154 769 2206 με
783 2125 840 2187 ἀντ’
854 2125 952 2205 ἀνδρός

153 2212 287 2289 ἐποίησας
306 2213 340 2274 τό
360 2214 447 2292 μηδὲν
467 2213 549 2284 εἵναις
576 2213 680 2279 ἐδόκεές
699 2242 730 2276 τε
751 2215 831 2278 θεοὺς
853 2213 953 2292 λήσειν

152 2300 198 2360 οἶα
221 2306 350 2382 ἐμηχανῶ
371 2301 446 2363 τότε·
475 2303 556 2362 οἶσε
573 2302 731 2379 ποιήσαντα
750 2301 953 2386 άνόσια,.νόμῳ

152 2389 246 2471 δικαίῳ
258 2391 419 2470 χρεώμενοι,
433 2389 580 2474 όπήγαγον
594 2397 622 2454 ἐς
634 2393 718 2470 χέρας
727 2392 777 2455 τάς
791 2393 866 2470 ἐμάς,
882 2393 953 2454 ὥστε

152 2503 188 2536 σε
199 2479 239 2554 μὴ
252 2481 422 2558 μέμψασθαι
438 2481 489 2557 τὴν
502 2479 549 2540 ἀπ’
564 2480 629 2556 ἐμέο
642 2504 687 2538 τοι
701 2481 838 2558 ἐσομένην
851 2481 953 2559 δότην.”

153 2562 189 2626 ὥς
209 2563 241 2624 δέ
258 2570 284 2625 οἱ
301 2573 389 2628 ταῦτα
411 2568 544 2640 ὠνείδισε,
566 2567 705 2646 ἀχθέντων
725 2571 780 2628 τών
800 2569 906 2630 παίδων
926 2575 953 2634 ἐς

153 2649 224 2728 ὄψιν,
243 2652 412 2735 ἠναγκάζετο
434 2657 449 2716 ό
472 2655 624 2719 Πανιώνιος
644 2659 699 2718 τῶν
720 2660 821 2717 ἑωυτοῦ
839 2659 952 2732 παίδων,

152 2741 294 2817 τεσσέρων
313 2742 419 2812 ἐόντων,
438 2744 473 2803 ταὶ
492 2747 583 2804 αἰδοῖα
601 2743 780 2821 ἀποτάμνειν·
802 2744 953 2828 ἀναγκαζό-

152 2853 235 2905 μενος
247 2829 278 2887 δὲ
292 2830 382 2888 ἐποίεε
392 2833 488 2890 ταῦτα·
510 2831 594 2890 αὐτοῦ
603 2857 642 2902 τε,
654 2831 689 2895 ώς
701 2836 790 2892 ταῦτα
804 2833 952 2914 ἐργάσατο,

153 2919 180 2976 οἱ
193 2916 290 2979 παῖδες
307 2915 525 2997 ἀναγκαζόμενοι
541 2917 709 2996 ἀπέταμνον·
731 2919 886 2981 Πανιώνιον
900 2921 954 2998 μέν

152 3029 202 3065 νυν
215 3003 285 3064 οὕτω
298 3005 434 3081 περιῆλθε
447 3003 466 3081 ἦ
477 3029 509 3064 τε
520 3005 595 3069 τίσις
608 3008 654 3066 καὶ
668 3007 684 3067 ό
696 3006 875 3084 Ἑρμότιμος.

190 3094 294 3171 Ξέρξης
315 3093 344 3152 δὲ
361 3092 396 3157 οἷς
412 3092 478 3157 τούς
497 3091 598 3157 παῖδας
617 3093 781 3174 Ἀρτεμισίη
798 3095 932 3176 ἐπέτρεψε
943 3097 1000 3158 107

152 3180 270 3266 άπάγειν
284 3188 311 3248 ἐς
319 3181 458 3259 Ἔφεσον,
472 3182 596 3245 καλέσας
609 3182 769 3260 Μαρδόνιον
783 3183 893 3242 ἐκέλευέ
904 3211 953 3262 μιν

151 3274 203 3348 τῆς
222 3269 357 3352 στρατιῆς
376 3269 516 3351 διαλέγειν
537 3269 602 3334 τούς
620 3270 766 3347 βούλεται,
785 3271 831 3329 καὶ
851 3274 941 3332 ποιέει

176 3352 276 3403 II.-2l
