2240 3424
165 89 211 140 3ος
468 82 649 133 ἯΡοΔουου
903 82 966 150 [IX.

164 165 260 244 βαζος.
302 161 554 242 μεταπεμψάμενος
572 159 617 222 ’ὧν
641 163 706 225 τοίς
725 163 898 243 ταξιάρχους·
912 168 969 226 τῶν

164 254 265 315 τελέων
286 251 332 310 καὶ
351 254 406 310 τῶν
425 249 484 327 μετ’
502 253 602 310 ἑωυτοῦ
623 249 722 310 ἐόντων
738 248 884 326 Ἑλλήνων
903 252 971 317 τοιίς

166 339 347 421 στρατηγοιίς,
360 337 457 416 εἰρώτα
466 339 491 398 εἰ
500 365 527 398 τι
538 339 631 398 εἰδεῖεν
640 337 738 419 λόγιον
749 338 812 414 περὶ
823 342 970 416 Περσέων,

167 428 204 491 οἷς
221 427 432 504 διαφθερέονται
453 432 482 486 ἐν
498 430 533 505 τῇ
550 425 687 495 Ἑλλάδι;
709 425 850 506 σιγώντων
867 428 896 486 δὲ
912 432 971 488 τῶν

167 515 329 591 ἐπικλήτων,
343 519 398 575 τῶν
410 518 461 592 μὲν
476 514 525 574 οὐκ
542 514 652 574 εἰδότων
667 513 732 578 τοιίς
744 515 899 593 χρησμοιίς,
914 520 972 578 τῶν

166 603 196 662 δέ
210 601 320 662 εἰδότων
332 605 383 679 μὲν
395 608 423 662 ἐν
436 601 513 681 ἀδείῃ
532 603 562 661 δέ
579 601 611 662 οὗ
629 603 796 678 ποιευμένων
812 601 846 662 τό
865 604 970 683 λέγειν,
1005 671 1010 680 ,

167 689 248 753 αὖτδς
268 690 427 767 Μαρδόνιος
448 691 536 772 ἔλεγε·
558 701 576 726 “
585 691 644 750 ἐπεὶ
664 691 757 750 τοίνυν
777 689 855 766 ήμεῖς
870 688 889 765 ἢ
906 692 972 751 ἴστε

168 777 253 861 οὐδὲν,
274 777 293 854 ἦ
314 777 346 837 οὔ
366 783 492 854 τολμᾶτε
513 779 614 860 λέγειν,
636 776 702 836 ἀλλ’
723 777 777 858 ἐγώ
797 779 863 854 ἐρέω
884 777 920 841 ὦς
941 778 972 838 εἰ

169 865 361 943 ἐπιστάμενος·
390 867 452 926 ἐστι
476 865 573 946 λόγιον
597 865 632 928 εἰς
657 864 740 942 χρεόν
767 868 828 924 ἐστι
852 865 973 942 Πέρσας

168 952 351 1030 ἀπικομένους
372 958 400 1016 ἐς
419 953 472 1029 τήν
489 952 624 1023 Ἑλλάδα,
638 950 791 1028 διαρπάσαι
809 952 842 1012 τό
861 951 921 1029 ἱρόν
936 953 971 1014 τό

169 1046 198 1101 ἐν
225 1045 376 1117 Δελφοῖσι,
398 1039 470 1118 μετά
493 1040 523 1098 δὲ
548 1040 600 1115 τήν
627 1039 783 1120 διαρπαγήν
809 1039 972 1101 ἀπολέσθαι

168 1127 283 1192 πάντας.
324 1127 405 1205 ἡμεῖς
417 1129 516 1202 τοίνυν,
530 1127 597 1188 αότό
612 1131 694 1188 τοῦτο
708 1127 896 1203 ἐπιστάμενοι,
908 1127 973 1188 οὔτε

169 1217 231 1292 ἰμεν
239 1217 285 1276 ἐπὶ
297 1217 330 1276 τό
345 1216 404 1293 ἰρὸν
411 1220 494 1276 τοῦτο
504 1214 567 1276 οὔτε
576 1213 790 1294 ἐπιχειρήσομεν
801 1213 971 1292 διαρπάζειν·

168 1303 270 1380 ταύτης
282 1330 313 1364 τε
327 1304 416 1364 εἰνεκα
429 1308 480 1380 τῆς
493 1303 581 1379 αἰτίης
599 1301 648 1363 οὐκ
667 1301 856 1379 ἀπολεόμεθα.
899 1301 972 1363 ὥστε

169 1391 258 1468 ὑμέων
289 1389 354 1451 ὅσοι
379 1391 551 1472 τυγχάνουσι
583 1389 672 1450 εὔνοοι
706 1390 796 1453 ἐόντες
827 1389 970 1468 Πέρσησι,

169 1478 271 1553 ἥδεσθε
290 1478 416 1537 τοῦδε
389 1504 487 1548 εινεκα,
507 1477 542 1541 οἷς
563 1478 777 1554 περιεσομένους
798 1476 886 1553 ήμέας
906 1475 973 1536 Ελ-

201 1565 208 1586 !
270 1563 286 1584 ἱ,
360 1569 373 1584 Α

170 1568 270 1639 ληνων.
321 1590 409 1623 ταυτα
401 1563 518 1640 Ησφι
492 1591 579 1634 ειπας,
593 1564 731 1672 δεήτερα’
719 1563 852 1640 εσήμαινε
866 1589 973 1642 παραρ-

169 1651 286 1718 τέεσθαί
303 1676 334 1710 τε
354 1651 446 1710 πάντα
467 1651 513 1710 καί
535 1649 658 1727 εὐκρινέα
679 1650 878 1722 ποιέεσθαι,
857 1677 893 1715 ως
913 1650 973 1728 ἅμα
1001 1707 1003 1712 .

169 1737 259 1816 ήμέρη
272 1741 307 1815 τῇ
322 1737 439 1817 ἐπιούσῃ
453 1739 605 1814 συμβολῆς
621 1739 765 1814 ἐσομένης.

122 1825 163 1884 43
211 1827 316 1885 Τοῦτον
330 1823 352 1883 δ’
367 1826 453 1906 ἔγωγε
465 1825 515 1886 τόν
528 1825 660 1904 χρησμόν
676 1826 726 1886 τόν
740 1825 898 1902 Μαρδόνιος
912 1825 973 1885 εἰπε

172 1917 199 1976 ἐς
212 1913 354 1990 Πέρσας”
340 1937 420 1992 εχειν,
435 1918 462 1977 ἐς
473 1912 629 1990 Ἰλλυριούς
641 1939 672 1972 τε
691 1912 736 1972 καί
753 1939 803 1972 τον
815 1911 974 1991 Εγχέλεων

171 2000 293 2078 στρατόν
320 2001 382 2060 οἰδα
407 2001 602 2078 πεποιημένον,
630 2000 695 2072 αλλ’
723 1999 772 2059 οὐκ
796 2005 823 2064 ἐς
847 1999 974 2076 Πέρσας.

171 2088 248 2147 ἀλλὰ
274 2114 310 2148 τα
334 2091 386 2165 μέν
409 2089 546 2148 Βάκιδί’
534 2114 596 2150 εστι
619 2093 646 2153 ἐς
672 2088 775 2164 ταύτην
801 2085 853 2163 τήν
878 2085 975 2166 μάχην

171 2199 353 2252 πεποίημενα*

219 2302 264 2358 τὴν
280 2301 300 2347 δ’
316 2302 356 2348 ἐπὶ
373 2303 525 2363 θερμώδοντι
542 2305 582 2352 καί
595 2304 703 2365 ’λσωπηῖ
718 2304 836 2364 λεχεποίῃ

216 2373 339 2429 Ἐλλήνων
356 2375 459 2433 σύνοδον,
480 2377 520 2427 καὶ
536 2377 726 2439 βαρβαρόφωνον
742 2376 819 2436 ἰϋγήν·
883 2389 887 2396 ’

219 2445 253 2502 τῇ
268 2445 357 2491 πολλοὶ
375 2447 503 2494 πεσέονται
521 2448 580 2509 ὑπὲρ
596 2449 704 2509 Λάχεσίν
720 2465 747 2495 τε
762 2447 835 2508 μόρον
849 2464 878 2495 τε

220 2514 356 2576 τοξοφόρων
373 2517 470 2578 Μήδων,
488 2520 546 2567 ὅταν
564 2521 658 2579 αἴσιμον
675 2520 740 2581 ἦμαρ
757 2519 856 2579 ἐπέλθῃ.

171 2607 260 2664 ταῦτα
272 2607 324 2681 μὲν
338 2607 383 2666 καὶ
397 2610 584 2686 παραπλήσια
597 2611 723 2671 τούτοισι
737 2609 813 2669 ἅλλα
824 2613 978 2674 Μουσαίου

171 2690 271 2798 ἔχοντα
294 2693 391 2753 οἰδα’
378 2721 405 2758 ες
428 2697 552 2773 Πέρσας·
580 2724 596 2757 ο
588 2697 649 2756 ’δὲ
673 2696 825 2775 Θερμώδων
846 2698 978 2776 ποταμός

171 2778 227 2851 ῥέει
240 2781 344 2856 μεταξιί
357 2781 502 2864 Ταναγρης
514 2811 545 2843 τε
559 2811 605 2844 και
594 2784 784 2847 Γλίσαντος

122 2861 166 2920 44
212 2866 295 2927 Μετὰ
313 2869 394 2928 δὲ
360 2897 412 2946 την
430 2870 611 2948 ἐπειρώτησιν
628 2876 682 2932 τῶν
694 2874 830 2951 χρησμῶν
845 2870 892 2930 καί
905 2896 978 2982 παρ·

172 2951 278 3013 αίνεσιν
297 2956 349 3032 τήν
369 2962 399 3016 ἐκ
420 2959 588 3033 Μαρδονίου,
612 2958 663 3028 νύξ
687 2984 718 3018 τε
745 2959 851 3040 ἐγίνετο
876 2957 923 3018 καὶ
951 2962 979 3022 ἐς

172 3041 349 3110 φυλακάς’
336 3043 500 3103 εταίσσοντο.
541 3043 578 3106 οἷς
602 3045 632 3104 δὲ
663 3044 760 3121 πρόσω
794 3049 844 3152 τής
879 3071 979 3108 νυκτος

172 3127 361 3202 προελήλατο,
381 3129 427 3189 καί
444 3127 549 3208 ήσυχίη
569 3130 660 3190 ἐδόκεε
678 3130 785 3190 εἶναι’
767 3131 819 3190 αναί
837 3157 874 3192 τα
891 3157 981 3208 στρα-

171 3207 277 3271 τόπεδα
303 3218 350 3276 καί
375 3216 503 3294 μάλιστα
528 3219 556 3276 οἰ
581 3215 722 3296 ανθρωποι
746 3217 815 3277 εἰναι
843 3215 908 3276 ἐν’
891 3242 980 3297 υπνῳ,
