2280 3432
153 107 202 155 ιιι
459 101 643 152 ἀτοιοτοα
887 101 950 168 [αι.

151 183 340 246 ἀντιώσεσθαι
360 187 388 245 ἐς
406 181 459 258 τήν
478 179 614 256 Βοιωτίην
634 179 832 258 προδεδώκατε,
852 185 952 260 περιεί-

152 267 215 333 δέτέ
233 297 264 332 τε
285 268 448 347 ἐσβαλόντα
469 273 496 332 ἐς
511 267 563 343 τὴν
575 267 705 344 Ἀττικὴν
724 269 774 330 τόν
792 269 951 348 βάρβαρον.

151 365 179 425 ἐς
198 360 250 437 μέν
270 383 318 419 νυν
337 357 370 417 τά
391 356 496 434 παρεόν
507 356 652 432 Ἀθηναῖοι
673 356 738 434 ὑμῖν
758 357 899 434 μηνίουσι·
921 359 954 418 οὐ

150 446 206 529 γάρ
221 445 373 522 ἐποιήσατε
387 444 543 521 ἐπιτηδέως·
558 449 606 504 νῦν
620 445 649 504 δὲ
663 444 706 504 ὅτι
718 445 805 524 τάχος
818 445 954 522 στρατιὴν

150 533 209 612 ἅμα
235 533 303 611 ἡμῖν
325 533 476 592 ἐκέλευσαν
499 531 586 610 ὖμέας
608 533 765 609 ἐκπέμπειν,
792 532 827 596 οἷς
849 531 883 592 άν
902 533 954 594 τόν

149 620 301 700 βάρβαρον
328 620 470 698 δεκώμεθα
497 625 526 680 ἐν
551 625 587 698 τῇ
614 620 740 698 Ἀττικῇ·
778 621 871 698 ἐπειδὴ
897 621 953 703 γάρ

150 709 312 788 ἡμάρτομεν
324 713 374 786 τῆς
388 709 529 784 Βοιωτίης,
543 713 593 784 τῆς
609 735 642 790 γε
657 707 793 786 η’μετέρης
809 711 953 785 ἐπιτηδειό-

148 797 235 858 τατόν
262 802 323 858 ἐστι
355 797 573 877 ἐμμαχέσασθαι
605 797 639 858 τό
673 796 809 873 Θριάσιον
834 797 954 857 πεδίον.”

123 884 198 949 8Ὡς
216 886 246 946 δέ
266 884 320 963 ἄρα
335 884 461 962 ἤκουσαν
481 888 508 944 οἶ
528 887 627 962 ἔφοροι
647 888 743 954 ταῦτα,
758 883 954 961 ἀνεβάλλοντο

150 978 178 1037 ἐς
195 974 247 1050 τὴν
267 973 416 1051 ὑστεραίην
433 972 646 1050 ὑποκρίνασθαι·
667 975 703 1050 τῇ
722 972 752 1030 δὲ
769 971 910 1050 ὑστεραίῃ,
927 979 954 1037 ἐς

149 1062 201 1138 την
220 1063 324 1139 ἐτέρην.
364 1065 447 1120 τοῦτο
467 1061 513 1119 καὶ
532 1060 577 1118 ἐπὶ
594 1060 660 1118 δέκα
672 1058 778 1137 ἡμέρας
792 1062 907 1131 ἐποίεον,
923 1063 954 1131 ἐξ

148 1148 254 1228 ἡμέρης
275 1155 303 1212 ἐς
321 1148 428 1226 ἡμέρην
447 1146 688 1225 άναβαλλόμενοι·
710 1152 740 1206 ἐν
760 1148 790 1206 δέ
810 1148 896 1228 τούτῳ
915 1157 955 1229 τῷ
1016 1142 1023 1152 ἐ

149 1236 240 1316 χρόνῳ
253 1237 302 1298 τόν
310 1235 428 1314 Ἰσθμόν
439 1235 568 1314 ἐτείχεον,
579 1234 706 1311 σπουδὴν
717 1236 827 1314 ἔχοντες
840 1237 953 1313 πολλὴν

148 1324 250 1388 πάντες
277 1323 515 1399 Πελοποννήσιοι·
553 1323 601 1382 καί
625 1330 681 1399 σφι
708 1323 743 1398 ἢν
770 1323 840 1401 πρός
865 1326 951 1385 τέλεϊ.

137 1412 206 1472 ὀὐδ’
217 1414 271 1492 ἔχω
285 1413 360 1472 εἶπαι
371 1412 404 1472 τό
418 1412 515 1481 αἴτιον,
526 1411 596 1471 διότι
609 1411 778 1489 ἀπικομένου
790 1414 842 1488 μὲν
855 1410 952 1482 Ἀλεξ-

149 1499 249 1578 άνδρου
261 1503 312 1559 τοῦ
326 1498 488 1564 Μακεδόνος
501 1505 528 1563 ἐς
540 1499 661 1576 Ἀθήνας
682 1499 808 1576 σπουδήν
822 1500 951 1581 μεγάλην

149 1588 320 1663 ἐποιήσαντο
343 1587 383 1665 μὴ
406 1587 524 1663 μηδίσαι
545 1587 717 1664 Ἀθηναίους,
740 1588 804 1649 τότε
827 1588 857 1648 δὲ
881 1587 954 1666 ὤρην

150 1674 320 1750 ἐποιήσαντο
337 1673 475 1750 οὐδεμίαν,
489 1673 564 1733 ἄλλο
583 1700 616 1756 γε
634 1673 661 1751 ἢ
671 1675 715 1735 ὅτι
733 1675 749 1736 ό
767 1675 882 1754 Ἰσθμός
896 1684 953 1753 σφι

150 1763 327 1842 ἐτετείχιστο,
357 1763 403 1821 καὶ
436 1761 545 1822 ἐδόκεον
578 1761 732 1839 Ἀθηναίων
766 1764 806 1824 ἔτι
839 1764 953 1825 δέεσθαι

149 1850 237 1912 οὐδέν·
254 1849 300 1910 ὅτε
314 1850 343 1910 δὲ
356 1849 373 1911 ό
385 1849 569 1928 Ἀλέξανδρος
583 1849 698 1910 άπίκετο
712 1856 740 1914 ἐς
752 1850 804 1926 τήν
813 1850 951 1928 Ἀττικὴν,

149 1939 220 2001 οὔκω
240 1939 460 2020 άπετετείχιστο·
485 1939 634 2021 ἐργάζοντο
655 1939 684 2000 δέ
704 1939 832 2021 μεγάλως
852 1966 951 2017 καταρ-

148 2028 300 2107 ρωδηκότες
312 2027 377 2093 τούς
391 2028 516 2106 Πέρσας.
874 2053 891 2083 ι

122 2117 140 2176 9
189 2119 276 2181 Τέλος
290 2117 326 2190 δέ,
338 2121 389 2192 τῆς
401 2142 431 2176 τε
444 2115 609 2193 ὑποκρίσιος
622 2114 668 2174 καὶ
682 2114 779 2184 ἐξόδου
792 2120 847 2176 τῶν
858 2117 951 2196 Σπαρ-

148 2207 261 2282 τιητέων
282 2205 391 2285 ἐγένετο
410 2201 514 2280 τρόπος
533 2202 654 2263 τοιόσδε·
675 2206 711 2281 τῇ
732 2205 883 2283 προτεραίῃ
901 2209 953 2280 τῆς

148 2292 270 2368 ὕστάτης
291 2290 480 2354 καταστάσιος
500 2291 663 2368 μελλούσης
688 2291 813 2360 ἔσεσθαι,
838 2292 951 2364 Χίλεος,

150 2379 219 2456 ἀνὴρ
237 2377 383 2458 Τεγεήτης,
402 2376 551 2455 δυνάμενος
575 2383 603 2438 ἐν
625 2378 811 2455 Λακεδαίμονι
829 2379 952 2460 μέγιστα

149 2468 250 2537 ξείνων,
264 2468 319 2527 τῶν
336 2464 444 2543 ἐφόρων
461 2466 577 2526 ἐπύθετο
597 2465 689 2527 πάντα
707 2466 795 2547 λόγον
808 2466 859 2528 τόν
877 2466 911 2542 δὴ
924 2471 952 2528 οἱ

148 2554 292 2631 Ἀθηναῖοι
313 2554 418 2636 ἔλεγον·
440 2553 563 2617 ἀκούσας
584 2555 614 2614 δὲ
634 2554 650 2615 ὁ
671 2555 777 2620 Χίλεος
798 2556 877 2636 ἔλεγε
898 2553 952 2632 άρα

150 2649 206 2720 σφι
226 2641 302 2703 τάδε·
332 2641 430 2702 “οὕτω
455 2643 519 2722 ἔχει,
543 2643 639 2720 ἄνδρες
661 2645 768 2719 ἔφοροι·
798 2641 952 2718 Ἀθηναίων

149 2730 218 2808 ἡμῖν
231 2730 330 2792 ἐόντων
342 2729 382 2810 μὴ
396 2729 520 2809 άρθμίων
532 2734 571 2809 τῷ
586 2731 614 2790 δὲ
631 2729 771 2809 βαρβάρῳ
785 2728 951 2810 συμμάχων,

150 2820 249 2898 καίτερ
262 2821 368 2900 τείχεος
378 2819 424 2878 διά
433 2824 483 2879 τοῦ
492 2818 611 2895 Ἰσθμοῦ
623 2818 798 2894 ἐληλαμένου
809 2822 951 2894 καρτεροῦ,

150 2908 271 2988 μεγάλαι
284 2906 427 2970 κλισιάδες
445 2906 650 2967 ἀναπεπτέαται
666 2911 693 2968 ἐς
705 2905 757 2981 τὴν
771 2904 952 2982 Πελοπόννη-

150 3019 203 3054 σον
228 2999 266 3074 τῷ
287 2995 397 3074 Πέρση.
439 2992 504 3052 ἀλλ’
527 2992 709 3062 ἐσακούσατε,
733 2993 798 3068 πρίν
825 3019 852 3052 τι
876 2992 952 3053 ὅλλο

105 3079 325 3157 1οἈθηναίοισι
341 3081 419 3152 δόξαι
440 3080 564 3156 σφάλμα
583 3081 670 3157 φέρον
683 3083 719 3158 τῇ
731 3078 876 3139 Ἑλλάδι.”
915 3079 951 3139 ‘0

150 3168 202 3242 μέν
218 3175 275 3244 σφι
292 3173 390 3236 ταῦτα,
399 3165 596 3242 συνεβούλευε·
620 3169 647 3225 οἱ
666 3167 695 3226 δὲ
714 3166 795 3244 φρενὶ
812 3166 952 3244 λαβόντες

150 3252 200 3312 τόν
211 3255 308 3335 λόγον,
321 3253 428 3322 αὐτίκα,
442 3252 602 3328 φράσαντες
615 3251 693 3312 οὐδὲν
709 3256 785 3312 τοῖσι
801 3251 951 3334 α’γγέλοισι
