2294 3430
191 89 237 138 160
495 87 678 138 Ἧιοαοιου
908 87 987 152 [vn.

189 168 222 230 τέ
240 170 304 228 εἶσι·
324 165 360 244 ἤν
379 191 410 228 τε
429 167 485 249 γάρ
500 165 607 246 τύχωσι
626 166 870 245 ἐξεστρατευμένοι
888 167 987 246 χίλιοι,

191 252 267 314 οὗτοι
288 255 469 334 μαχήσονταί
483 278 535 326 τοι,
550 252 585 328 ήν
600 278 631 313 τε
651 253 806 318 ἐλάσσονες
824 254 937 327 τούτων,
953 255 989 333 ἦν

145 343 202 402 103
211 367 242 402 τε
255 343 301 400 καὶ
314 340 474 416 πλεῦνεςίῖΙ
495 343 589 400 Ταῦτα
603 339 725 405 ἀκούσας
738 341 851 420 Ξέρξης,
862 343 988 422 γελάσας

192 429 256 506 ἔφη·
290 439 308 464 “
317 427 475 506 Δημάρητε,
490 427 549 488 οἷον
562 427 702 509 ἐφθέγξαο
715 429 789 498 ἔπος,
802 428 903 508 ἄνδρας
914 435 987 510 χιλί-

193 542 240 580 ους
253 519 372 594 στρατιῇ
384 515 489 594 τοσῇδε
501 515 697 594 μαχήσασθαι·
731 515 791 598 ἀγε,
806 518 867 576 εἰπέ
878 544 935 595 μοι,
950 520 987 580 σθ

193 604 249 683 φῂς
267 603 371 664 τούτων
390 606 445 663 τῶν
463 602 568 681 ἀνδρῶν
586 601 668 667 αὐτός
685 602 826 680 βασιλεάς
841 605 986 686 γενέσθαι;

192 692 230 752 σθ
252 691 289 752 ὧν
310 689 454 767 ἐθελήσεις
474 689 572 750 αὐτίκα
592 690 671 767 μάλα
698 691 769 769 πρθς
795 691 896 770 ἀνδρας
922 693 988 754 δέκα

191 779 345 860 μάχεσθαι;
381 779 470 838 καίτοι
495 783 518 838 εἰ
539 779 571 839 τό
593 779 738 839 πολιτικόν
761 779 826 856 ἀμῖν
849 784 906 840 πᾶν
927 783 987 844 ἐστὶ

191 872 317 929 τοιοῦτον
331 868 389 928 οἶον
402 866 440 927 σθ
451 866 584 944 διαιρέεις,
599 867 635 926 σέ
646 892 679 947 γε
691 866 740 927 τόν
754 869 849 928 κείνων
859 869 988 945 βασιλέα

191 956 291 1033 πρέπει
306 955 377 1034 πρδς
393 953 427 1015 τό
447 952 599 1030 διπλήσιον
617 953 839 1016 ἀντιτάσσεσθαι
855 957 925 1016 κατά
944 956 987 1018 νό-

192 1069 262 1120 μους
280 1043 344 1107 τοῦς
362 1042 519 1121 ὗμετέρους.
555 1044 579 1100 εί
596 1041 651 1124 γάρ
673 1043 766 1103 κείνων
785 1043 901 1108 ἕκαστος
922 1044 988 1104 δέκα

191 1130 297 1208 ἀνδρῶν
308 1134 359 1208 τῆς
376 1133 510 1208 στρατιῆς
522 1132 573 1205 τῆς
590 1133 659 1206 ἐμῆς
676 1128 804 1200 ἀντάξιός
822 1136 892 1203 ἐστι,
906 1135 941 1192 σὲ
957 1131 990 1192 δέ

191 1244 224 1300 γε
234 1219 345 1296 δίζημαι
356 1219 445 1278 εἴκοσι
454 1217 523 1277 εἶναι
533 1215 671 1286 ἀντάξιον·
686 1217 733 1276 καὶ
743 1216 813 1279 οὕτω
822 1221 875 1295 μὲν
884 1219 987 1298 ὀρθοῖτ’

191 1303 226 1367 ἂν
244 1306 261 1366 o‘
281 1307 367 1388 λόγος
387 1305 403 1366 ό
422 1306 499 1383 παραὶ
516 1309 568 1365 σεῦ
587 1305 737 1382 εἰρημένος.
779 1309 802 1364 εί
815 1306 853 1378 δὲ,
867 1310 991 1368 τοιοῦτοί

190 1418 222 1453 τε
246 1393 335 1457 ἐόντες
361 1394 406 1452 καὶ
433 1391 560 1474 μεγάθεα
585 1395 718 1461 τοσοῦτοι
745 1391 802 1458 οἶος
827 1394 865 1454 ου’
887 1421 918 1455 τε
941 1396 987 1456 καὶ

115 1473 116 1476 ¹
191 1480 219 1540 οἳ
230 1480 295 1558 παρ’
317 1484 365 1558 ἐμὲ
386 1485 507 1556 φοιτῶσι
529 1478 675 1556 Ἑλλήνων
698 1485 726 1544 ἐς
745 1480 856 1563 λόγους,
876 1483 988 1563 αιίχεῖτε

190 1570 336 1639 τοσοῦτον,
360 1567 413 1646 ὅρα
436 1567 476 1645 μή
502 1566 594 1645 μάτην
621 1567 728 1644 κόμπος
753 1568 770 1630 o‘
795 1569 882 1652 λόγος
908 1569 988 1636 οὗτος

192 1652 332 1733 εἰρημένος
350 1655 402 1732 ε’ίη.
443 1655 503 1714 ἐπεὶ
522 1655 590 1732 φέρε
608 1654 656 1715 ’ίδω
671 1657 755 1717 παντὶ
767 1661 806 1736 τῷ
818 1657 914 1720 οἰκότι·
935 1663 988 1724 κῶς

190 1741 370 1816 ἂνδυναίατο
392 1743 489 1823 χίλιοι,
510 1741 528 1819 ἢ
550 1742 596 1802 καὶ
615 1741 718 1820 μύριοι,
736 1742 755 1821 ἢ
775 1746 820 1804 καὶ
841 1771 986 1808 πεντακισ-
1053 1785 1058 1796 ·

190 1831 292 1910 μύριοι,
303 1832 393 1896 ἐόντες
405 1858 438 1913 γε
452 1829 591 1908 ἐλεύθεροι
603 1830 704 1896 πάντες
717 1831 817 1909 ὁμοίως
830 1835 876 1894 καὶ
888 1835 929 1912 μή
941 1831 988 1896 ἀπ’

192 1909 251 1984 ἐνδς
271 1919 429 1999 ἀρχόμενοι,
459 1913 569 1999 στρατῷ
595 1920 701 1999 τοσῷδε
722 1919 898 1998 ἀντιστήναι;
928 1925 991 1984 ἐπεί

189 2033 234 2069 τοι
260 2012 376 2073 πλεῦνες
395 2008 459 2086 περὶ
482 2009 530 2068 ἐνα
551 2007 670 2068 ἕκαστον
692 2008 827 2089 γινόμεθα
847 1991 879 2087 ή
889 2012 987 2090 χίλιοι,

191 2091 290 2157 ἐόντων
306 2096 415 2156 ἐκείνων
430 2095 512 2156 πέντε
527 2094 685 2175 χιλιαδίων.
726 2095 781 2156 όπό
796 2098 915 2179 μὲνγὰρ
930 2099 988 2162 ἑνός

191 2182 341 2263 ἀρχόμενοι
362 2184 433 2244 κατὰ
452 2183 557 2260 τρόπον
577 2182 627 2244 τάν
647 2181 790 2261 ἡμέτερον,
814 2185 933 2265 γενοίατ’
954 2184 988 2248 ἂν

191 2270 376 2347 δειμαίνοντες
395 2274 495 2330 τοῦτον
518 2269 563 2328 καὶ
586 2269 662 2346 παρά
688 2269 741 2346 τήν
768 2274 873 2333 ἑωυτῶν
899 2273 988 2349 φύσιν

191 2356 339 2433 ἀμείνονες,
353 2356 399 2416 καὶ
416 2357 484 2416 ’ίοιεν
499 2355 715 2444 ἀναγκαζόμενοι
732 2356 851 2440 μάστιγι
865 2364 892 2424 ἐς
904 2364 988 2421 πλεῦ-

192 2469 241 2507 νας
258 2443 413 2507 ἐλόσσονες
430 2444 528 2507 ἐόντες·
549 2443 687 2520 ἀνειμένοι
703 2444 732 2503 δὲ
746 2449 774 2507 ἐς
786 2446 819 2505 τό
834 2447 988 2525 ἐλεύθερον,

193 2530 242 2591 οὐκ
263 2527 297 2590 ἀν
314 2531 434 2591 ποιέοιεν
450 2530 555 2591 τούτων
573 2530 712 2608 οὐδέτερα·
753 2531 838 2592 δοκέω
855 2535 884 2593 δὲ
903 2536 989 2616 ἔγωγε

194 2619 239 2677 καὶ
272 2617 457 2682 ἀνισωθέντας
489 2617 593 2694 πλήθεϊ
625 2621 755 2697 χαλεπῶς
784 2617 819 2680 ἂν
844 2620 989 2698 Ἕλληνας

191 2706 324 2784 Πέρσησι
336 2704 465 2781 μούνοισι
478 2705 630 2784 μάχεσθαι·
654 2704 732 2764 ἀλλά
744 2705 810 2782 παρ’
823 2707 891 2784 ἡμῖν
905 2710 989 2769 τοῦτό

192 2799 253 2854 ἐστι
270 2792 304 2854 τό
318 2793 355 2853 σύ
373 2792 473 2874 λέγεις·
494 2794 555 2852 ἐστι
566 2818 601 2873 γε
613 2792 708 2870 μέντοι
727 2793 760 2855 αι’
777 2795 897 2866 πολλόν,
912 2794 989 2854 ἀλλά

191 2880 320 2942 σπάνιον·
342 2881 398 2941 είσὶ
410 2880 465 2962 γὰρ
479 2880 613 2958 Περσέων
622 2883 677 2940 τῶν
687 2883 759 2956 ἐμῶν
770 2882 952 2960 αἰχμοφόρων
963 2883 990 2944 οἳ

191 2968 363 3048 ἐθελήσουσι
375 2967 518 3044 Ἐλλήνων
532 2966 649 3044 ἀνδράσι
662 2966 739 3041 τρισὶ
753 2966 824 3044 ὁμοῦ
835 2969 989 3049 μάχεσθαι·

146 3060 202 3118 104
211 3063 266 3118 τῶν
274 3057 311 3119 σθ
323 3057 373 3117 ἐῶν
382 3053 606 3134 ἄπειροςπολλά
616 3053 791 3130 φλυηρέεις.”
812 3055 892 3133 Πρός
901 3061 990 3117 ταῦτα

191 3145 358 3223 Δημάρητος
376 3143 462 3224 λέγει·
481 3141 525 3200 “ὦ
543 3143 675 3218 βασιλεῦ,
689 3139 811 3220 ἀρχῆθεν
824 3142 990 3219 ἠπιστάμην

191 3232 234 3293 ὅτι
247 3233 367 3313 ἀληθηίη
380 3230 534 3312 χρεόμενος
548 3227 580 3288 οὔ
594 3229 667 3302 φίλα
680 3252 724 3286 τοι
738 3230 812 3304 ἐρέω·
828 3229 865 3288 σι)
878 3230 907 3290 δέ
921 3233 980 3291 ἐπεὶ
