2294 3430
142 67 189 116 192
446 62 631 113 ‘HPOAOTOT
860 58 939 124 [VII.
1119 77 1132 124 Ι

93 143 150 203 173
159 168 220 203 τινα
228 143 368 219 σωτηρίην
377 139 610 220 μηχανεύμενοι.”
629 143 717 200 ταῦτα
726 140 824 220 ἔλεγον
832 141 858 198 οἶ
869 145 941 200 Θεσ-

139 231 234 290 σαλοί.
276 232 313 287 Οἱ
333 229 362 286 δέ
375 228 514 304 Ἕλληνες
534 229 604 305 πρύς
623 232 711 288 ταῦτα
732 225 941 304 ἐβουλεύσαντο
1016 251 1018 255 ’

140 323 167 380 ἐς
186 317 350 392 Θεσσαλίην
366 317 486 392 πέμπειν
505 315 575 375 κατοῖ
592 313 744 375 θάλασσαν
756 314 842 386 πεζδν
855 341 940 393 στρα-

138 403 195 475 τόν,
214 403 377 478 φυλάξοντα
396 403 448 479 τῆν
466 403 604 479 ἐσβολήν.
646 402 682 466 οἷς
700 403 729 462 δὲ
745 404 903 481 συνελέχθη
925 406 940 464 ὁ

139 492 267 568 στρατὸς,
303 491 384 550 ἐπλεε
411 489 445 550 δι’
472 490 606 567 Εὐρίπου·
640 490 806 567 ἀπικόμενος
834 489 864 549 δὲ
889 495 941 566 τῆς

137 577 263 657 Ἀχαιίης
282 583 309 642 ἐς
322 577 421 648 Ἀλον,
436 577 547 654 α’ποβάς
566 579 712 657 ἐπορεύετο
726 583 753 642 ἐς
766 580 938 654 Θεσσαλίην,

138 666 188 729 τάς
200 667 262 729 νέας
272 667 355 726 αὐτοῦ
369 665 537 727 καταλιπιίν·
595 666 605 726 ὶ
619 665 734 726 ἀπίκετο
744 671 772 729 ἐς
781 665 818 725 τά
827 666 940 743 Τέμπεα

71 831 75 840 Ι
142 759 169 816 ἐς
185 753 237 830 τήν
253 754 390 830 ἐσβολήν,
407 752 478 831 ἥπερ
495 692 740 830 ἅπδῇακεδονίης
757 757 807 830 τῆς
826 753 899 813 κάτω
912 759 940 818 ἐς

138 843 303 917 Θεσσαλίην
321 843 401 919 φέρει
417 841 493 919 παρὰ
507 842 627 918 Πηνειύν
641 841 777 918 ποταμόν,
791 841 895 917 μεταξέ
909 843 939 901 δὲ

139 928 293 1008 Οὐλύμπου
305 956 336 992 τε
351 928 445 1007 οὔρεος
458 928 539 992 ἐόντα
552 929 599 988 καὶ
610 933 661 1006 τῆς
668 927 793 1004 Ὀσσης.
821 930 939 990 ἐνθαῦτα

138 1017 403 1095 ἐστρατοπεδεύοντο
421 1021 475 1078 τῶν
490 1017 635 1094 Ἑλλήνων
649 1017 719 1076 κατά
732 1017 845 1094 μυρίους
858 1017 938 1078 ὁπλῖ-

137 1131 183 1164 ται
199 1107 393 1187 συλλεγέντες·
414 1105 462 1164 καί
478 1113 534 1181 σφι
552 1109 663 1182 προσῆν
676 1104 695 1180 ή
708 1109 763 1165 τῶν
779 1110 938 1166 Θεσσαλῶν

139 1192 231 1257 ίππος·
253 1193 421 1274 ἐστρατήγεε
440 1194 469 1252 δὲ
487 1193 709 1270 Λακεδαιμονίων
725 1194 777 1268 μέν
790 1191 937 1256 Εὐαίνετος

138 1279 155 1338 o‘
170 1280 299 1357 Καρήνου
318 1286 348 1339 ἐκ
365 1283 420 1340 τῶν
438 1280 626 1360 πολεμάρχων
639 1279 830 1357 ἀραιρημένος,
844 1281 937 1360 γένεος

138 1367 233 1442 μέντοι
253 1367 303 1427 ἐιύν
322 1367 354 1426 οὐ
371 1371 422 1427 τοῦ
439 1368 603 1443 βασιληίου,
618 1366 771 1443 Ἀθηναίων
785 1367 814 1426 δέ
832 1374 935 1445 Θεμισ-

137 1455 253 1529 τοκλέης
279 1453 296 1514 ὁ
323 1456 472 1518 Νεοκλέος.
514 1456 622 1531 ἔμειναν
649 1455 678 1515 δέ
706 1454 805 1536 ὀλίγας
832 1454 936 1532 ἡμέρας

138 1542 264 1600 ἐνθαῦτα·
285 1541 448 1617 α’πικύμενοι
460 1541 516 1622 γάρ
530 1541 648 1621 ἄγγελοι
660 1541 737 1619 παρά
751 1541 936 1620 Ἀλεξάνδρου

135 1632 186 1688 τοῦ
199 1626 345 1705 Ἀμύντεω,
361 1627 458 1705 άνδρύς
477 1628 646 1700 Μακεδόνος,
661 1629 867 1705 συνεβούλευόν
880 1637 935 1706 σφι

137 1715 387 1785 ἀπαλλάσσεσθαι,
400 1716 471 1792 μηδὲ
486 1715 619 1792 μένοντας
634 1721 663 1778 ἐν
677 1720 713 1795 τῇ
727 1718 841 1795 ἐσβολῇ
854 1741 935 1776 κατα-

136 1804 294 1879 πατηθῆναι
311 1801 365 1862 ὐπύ
382 1807 432 1864 τοῦ
453 1807 576 1882 στρατοῦ
593 1804 726 1867 ἐπιόντος·
754 1805 935 1880 σημαίνοντες

136 1890 170 1950 vo*
183 1891 292 1967 πλῆθός
304 1916 335 1950 τε
347 1896 398 1968 τῆς
411 1895 545 1970 στρατιῆς
558 1892 604 1952 καὶ
617 1891 667 1954 τὰς
680 1892 751 1954 νέας·
769 1890 804 1954 ὦς
817 1891 846 1950 δὲ
859 1888 936 1952 οὗτοί

137 1984 192 2054 σφι
205 1983 293 2040 ταῦτα
305 1979 520 2055 συνεβούλευον,
535 1979 657 2058 (χρηστὰ
674 1979 729 2060 γὰρ
743 1978 852 2038 ἐδόκεον
864 2003 935 2055 συμ-

134 2066 289 2142 βουλεύειν,
304 2068 352 2126 καί
363 2073 419 2143 σφι
433 2067 524 2130 εὔνοος
539 2067 667 2142 ἐφαίνετο
683 2065 734 2125 ἐιύν
748 2064 763 2126 ὐ
777 2064 935 2145 Μακεδὼν)

137 2155 289 2214 ἐπείθοντο·
310 2155 413 2214 δοκέειν
429 2155 460 2213 δέ
471 2180 528 2230 μοι,
543 2153 662 2231 ἀρρωδίη
677 2152 713 2230 ἥν
729 2153 763 2214 τδ
781 2154 885 2224 πεῖθον,
900 2152 935 2218 ὥς

137 2239 271 2300 ἐπύθοντο
288 2242 334 2300 καὶ
351 2241 444 2316 ἄλλ-ην
463 2246 565 2301 ἐοῦσαν
585 2239 714 2318 ἐσβολήν
728 2245 755 2304 ἐς
768 2240 935 2304 Θεσσαλοῧς

138 2327 208 2386 κατὰ
232 2327 284 2402 τῆν
309 2327 365 2387 ἅνω
396 2328 571 2403 Μακεδονίην
598 2328 642 2388 διδ
670 2330 838 2406 Περραιβῶν
865 2331 935 2388 κατιέ

138 2413 239 2475 Γόννον
256 2413 350 2475 πόλιν·
376 2419 465 2494 τῇπερ
484 2414 517 2491 δή
538 2417 584 2474 καὶ
605 2416 729 2492 ἐσέβαλε
744 2414 764 2491 ῆ
781 2412 936 2493 στρατιῆή
1103 2495 1104 2500 η
1127 2441 1128 2448 ’

136 2501 253 2578 Ξέρξεω·
278 2501 450 2578 καταβάντες
469 2503 499 2562 δέ
521 2505 548 2562 οἱ
565 2501 704 2580 Ἕλληνες
725 2504 771 2564 ἐπὶ
791 2502 842 2566 τὰς
864 2503 935 2574 νέας,
1012 2552 1055 2561 .,
1116 2499 1128 2514 “’

91 2589 147 2651 174
157 2587 248 2648 ὀπίσω
261 2588 425 2666 ἐπορεύοντο
439 2595 467 2655 ἐς
478 2589 529 2652 τύν
541 2590 667 2667 Ἰσθμόν,
702 2589 779 2667 Αὕτη
795 2587 935 2671 ἐγένετοῆ
954 2550 1057 2724 Μ

137 2680 164 2739 ἐς
190 2676 354 2754 Θεσσαλίην
381 2678 527 2755 στρατηίη,
553 2678 693 2754 βασιλέος
723 2703 754 2738 τε
780 2678 937 2755 μέλλοντος

137 2763 291 2839 διαβαίνειν
304 2768 332 2828 ἐς
343 2764 395 2842 τῆν
412 2763 548 2843 Εὐρώπην
562 2769 592 2824 ἐκ
604 2768 655 2840 τῆς
666 2763 767 2842 Ἀσίης
780 2765 826 2824 καὶ
844 2763 937 2827 ἐόντος

107 2913 111 2922 ,
135 2849 188 2927 ἤδη
209 2855 238 2912 ἐν
257 2850 377 2933 Ἀβύδῳ·
401 2853 548 2914 Θεσσαλοὶ
568 2852 597 2912 δέ
620 2853 803 2931 ἐρημωθέντες
826 2850 937 2929 συμμά-

136 2963 201 3018 χων,
215 2939 286 3001 οὐτω
297 2940 330 3017 δή
342 2941 478 3019 ἐμήδισαν
487 2937 635 3019 προθύμως
644 2939 701 3000 οὐδ’
712 2941 752 3002 ἐτι
762 2940 936 3002 ἐνδοιαστῶς·

137 3025 210 3088 ὥστε
230 3033 259 3089 ἐν
277 3032 354 3090 τοῖσι
374 3028 523 3108 πρήγμασι
541 3028 689 3103 ἐφαίνοντο
706 3028 827 3105 βασιλέϊ
841 3026 937 3105 ἄνδρες
1118 3051 1125 3122 η

138 3113 227 3179 ἐόντες
239 3116 465 3195 χρησιμιιίτατοι.Δ

127 3201 148 3256 ’5
199 3206 236 3264 Οἱ
248 3203 425 3282 δέἝλληνες
438 3203 500 3262 ἐπεί
514 3225 546 3262 τε
563 3200 684 3262 ἀπίκατο
703 3201 798 3268 ἐςτόν
808 3199 935 3279 Ἰαθμὸν,
