2204 3430
191 117 303 182 ,ιι-ιι]
529 115 643 165 mm.
962 115 992 168 ιι

191 199 224 264 δς
238 198 272 259 ἅν
285 202 378 273 σφεας
390 197 523 260 ἀπιόντας
536 201 566 255 ἐκ
579 199 630 256 τοῦ
644 198 705 272 ἰροῦ
718 197 826 272 πρῶτος
842 195 888 254 ἐπὶ
908 195 994 264 ξείνια

192 287 312 364 καλέσῃ·
335 284 421 347 ἰόντες
442 285 471 343 δὲ
493 287 520 343 οἰ
542 284 685 364 Δόλογκοι
703 282 755 358 τήν
779 283 840 360 ἱρήν
862 281 928 343 όδόν
948 282 995 342 διαῖ

192 375 308 433 Φωκέων
320 397 352 432 τε
365 372 411 430 καὶ
425 376 553 431 Βοιωτῶν
566 370 661 446 ἤϊσαν·
683 372 732 429 καί
747 376 840 447 σφεας
858 369 893 433 ιῦς
907 369 994 434 οὐδεὶς

192 461 297 532 ε’κάλεε,
326 459 511 536 ε’κτρόπονται
537 459 579 518 ἐπ’
605 457 753 534 Ἀθηνέων.
794 457 843 518 Ἐν
869 458 899 517 δὲ
925 462 994 537 τῇσι
1002 460 1041 518 35

191 546 329 627 Ἀθήνῃσι
344 551 494 623 τηνικαῦτα
515 547 573 625 εἶχε
592 549 644 624 μὲν
661 545 694 606 τό
707 551 764 606 πᾶν
778 545 878 622 κράτος
891 547 991 606 Πεισί-

191 660 320 712 στρατος,
334 632 405 710 αἰταίρ
419 632 583 694 ε’δυνόστευε
600 634 647 693 καὶ
655 632 813 709 Μιλτιάδης
826 632 842 692 ό
856 632 992 710 Κυψέλου

192 722 244 782 εὀἰν
268 722 355 798 οἰκίης
377 721 632 799 τεθριπποτρόφου,
655 721 691 781 ταὶ
714 723 766 798 μὲν
790 719 921 780 ἀνέκαθεν
944 720 993 780 ἀπ’

190 813 297 868 Αἰακοῦ
316 835 348 868 τε
367 809 413 868 καί
427 810 541 890 Αἰγίνης
553 808 675 890 γεγονυίς
687 807 723 868 τά
737 807 767 866 δὲ
779 807 898 885 νειότερα
909 805 992 885 Ἀθη

190 900 275 965 ναῖος,
289 897 408 956 Φιλαίου
429 901 480 956 τοῦ
494 897 612 958 Αἴαντος
631 895 731 958 παιδός
748 897 897 975 γενομένου
917 895 990 971 προί-

189 1009 240 1042 του
258 988 308 1060 τής
328 985 415 1060 οἰκίης
427 983 529 1059 ταύτης
541 982 700 1058 Ἀθηναίου.
742 979 823 1044 οὗτος
836 981 852 1040 ό
865 981 987 1042 Μιλτιά-

190 1070 247 1146 δης
260 1071 411 1150 κατήμενος
436 1077 464 1132 ἐν
484 1075 561 1131 τοῖσι
588 1069 756 1148 προθύροισι
779 1072 855 1128 τοῖσι
879 1072 988 1139 ἑωυτοῦ,

189 1157 275 1233 ὁρέων
282 1159 346 1222 τοῦς
355 1158 517 1240 Δολόγκους
526 1158 677 1237 παριόντας
690 1159 797 1233 ε’σθῆτα
811 1157 925 1234 ἔχοντας
938 1156 988 1216 οὐκ

190 1247 326 1325 ἐγχωρίην
339 1248 384 1306 καὶ
398 1247 508 1326 αἰχμάς,
522 1247 741 1326 προσεβώσατο·
764 1245 812 1304 καί
826 1250 882 1321 σφι
900 1271 989 1322 προσ-

190 1333 308 1392 ελθοῦσι
324 1335 512 1415 ἐπηγγείλατο
531 1334 697 1426 κρταγωγήν
717 1334 763 1392 καὶ
783 1334 879 1404 ξείνια.
921 1336 948 1392 οἰ
961 1333 991 1392 δὲ

190 1418 333 1496 δεξάμενοι
346 1423 392 1480 καὶ
405 1422 586 1490 ξεινισθέντες
598 1421 645 1481 ὕπ’
659 1421 752 1493 αῦτοῦ,
767 1422 912 1498 ἐξέφαινον
932 1424 990 1481 πᾶν

191 1507 218 1564 οἶ
229 1506 263 1566 τὸ
275 1506 418 1583 μαντήϊον·
440 1508 608 1586 ἐκφήναντες
626 1510 656 1569 δὲ
669 1510 778 1571 ε’δέοντο
792 1508 871 1570 αὐτοὶ
883 1513 922 1588 τῷ
936 1510 989 1588 θεῷ

189 1618 238 1668 μιν
250 1595 406 1655 πείθεσθαι.
445 1597 603 1656 Μιλτιάδεα
617 1598 646 1656 δὲ
659 1597 819 1660 άκοιίσαντα
832 1597 989 1675 παραυτίκα

191 1680 284 1740 ἔπεισε
297 1681 314 1740 ό
327 1683 422 1763 λόγος,
436 1683 481 1742 οἶα
502 1683 658 1762 ἀχθόμενόν
678 1712 709 1745 τε
727 1689 763 1762 τῇ
776 1683 988 1762 Πεισιστράτου

190 1766 265 1847 α’ρχῇ
289 1770 334 1828 καὶ
356 1769 533 1846 βουλόμενον
557 1778 587 1830 έκ
611 1773 703 1832 ποδιῦν
727 1773 806 1832 εἰναι·
834 1772 932 1834 αὗτίκα
957 1772 988 1832 δὲ

190 1854 296 1932 ε’στάλη
318 1861 344 1919 ἔς
366 1857 498 1930 Δελφοῦς
516 1859 731 1934 ἐπειρησόμενος
751 1859 785 1918 τό
806 1859 987 1937 χρηστήριον,

190 1947 214 2000 εἰ
234 1943 329 2016 ποιοίη
345 1943 385 2000 ’τά
406 1967 458 2016 περ
477 1943 561 2002 αὐτοῦ
580 1947 607 2001 οἶ
625 1944 768 2023 Δόλογκοι
787 1946 972 2020 προσεδέοντο
978 1973 986 2015 ;

190 2027 371 2104 Κελευοιίσης
389 2029 418 2087 δὲ
435 2028 481 2086 καὶ
497 2033 548 2104 τῆς
561 2030 678 2106 Πυθίης,
694 2030 764 2090 οὕτω
781 2031 814 2107 δή
830 2031 987 2108 Μιλτιάδης
995 2037 1033 2095 36

190 2115 206 2174 ό
227 2115 372 2192 Κυψέλου,
388 2115 533 2192 Ὀλύμπια
552 2115 705 2195 άναιρηκιῦς
727 2118 863 2196 πρότερον
883 2118 986 2180 τούτων

188 2203 339 2284 τεθρίππῳ,
361 2204 426 2265 τότε
448 2204 625 2283 παραλαβιδν
647 2204 800 2283 Ἀθηναίων
824 2205 914 2267 πάντα
936 2208 987 2270 τόν

188 2292 364 2370 βουλόμενον
383 2294 510 2372 μετέχειν
529 2297 579 2353 τοῦ
599 2293 714 2365 στόλου,
731 2295 814 2354 ἔπλεε
835 2294 894 2372 ἅμα
909 2300 986 2357 τοῖσι

190 2379 362 2463 Δολόγκοισι
376 2383 422 2441 καί
437 2383 504 2461 ἔσχε
516 2381 568 2458 τήν
578 2381 681 2462 χάρην·
696 2384 744 2441 καί
751 2409 799 2459 μιν
810 2386 837 2442 οἱ
847 2385 985 2465 ἐπαγαγό-

188 2493 266 2544 μενοι
285 2469 419 2548 τύραννον
440 2469 659 2546 κατεστήσαντο.
700 2470 717 2530 ό
744 2471 773 2530 δὲ
799 2476 910 2548 πρῶτον
933 2475 985 2549 μὲν

189 2553 347 2636 ἐπετείχισε
362 2558 411 2618 τόν
432 2557 535 2634 ἰσθμόν
555 2561 605 2633 τῆς
618 2558 804 2635 Χερσονήσου
818 2564 848 2618 ἔκ
862 2561 986 2636 Καρδίης

188 2643 285 2708 πόλιος
299 2651 326 2708 ἐς
334 2645 476 2721 Παιττιίην,
487 2645 532 2704 ἵνα
544 2644 585 2722 μή
599 2646 689 2724 έχοιέν
702 2651 794 2722 σφεας
808 2649 835 2705 οἱ
843 2645 985 2724 Ἀψίνθιοι

188 2730 338 2804 δηλέεσθαι
351 2732 544 2808 ἐσβάλλοντες
558 2739 585 2796 ἐς
597 2732 649 2808 τήν
662 2732 764 2811 χώρην.
797 2733 852 2792 εἰσὶ
866 2733 895 2792 δὲ
908 2731 985 2793 οὗτοι

188 2815 297 2874 στάδιοι
313 2818 344 2887 ἕξ
358 2845 389 2878 τε
403 2820 448 2877 καὶ
460 2818 609 2896 τριήκοντα
621 2825 672 2880 τοῦ
687 2822 800 2898 ἰσθμοῦ·
821 2820 877 2880 α’πό
891 2821 921 2878 δὲ
933 2824 985 2879 τοῦ

188 2903 290 2978 ἰσθμοῦ
308 2904 407 2964 τούτου
424 2905 443 2981 ή
457 2906 639 2983 Χερσόνησος
660 2908 726 2966 εἰσω
746 2907 828 2968 πᾶσά
841 2913 903 2966 ε’στι
916 2931 984 2964 στα-

188 2991 250 3050 δίων
269 2991 358 3051 εἰκοσι
375 2993 421 3050 καὶ
438 2996 624 3068 τετρακοσίων
642 2994 675 3053 τὸ
687 2999 786 3072 μῆκος.
827 2991 982 3066 Ἀποτειχί-
992 2991 1031 3050 37

188 3105 240 3144 σας
258 3078 295 3141 ὦν
311 3080 361 3141 τόν
383 3078 486 3157 αῦχένα
505 3085 555 3156 τῆς
571 3082 758 3159 Χερσονήσου
778 3081 795 3140 ὅ
816 3075 982 3149 Μιλτιάδης,

189 3169 232 3227 καί
252 3168 318 3232 τοῦς
333 3167 494 3247 Ἀψινθίους
510 3168 604 3247 τρόπῳ
622 3168 737 3246 τοιούτῳ
758 3165 908 3241 οἰσόμενος,
929 3165 968 3219 ’ἰῶ

188 3258 292 3318 λοιπιῦν
303 3255 442 3335 πρώτοισι
455 3256 616 3332 ἐπολέμησε
626 3255 853 3331 Λαμψακηνοῖσι·
876 3247 924 3306 καί
933 3273 961 3324 μι
