2240 3424
153 50 201 98 290
457 48 637 99 Ἦνοιοτοτ
883 50 947 116 [ως.

153 129 392 206 τοπεδευομένους,
407 131 579 208 φρασθέντες
598 130 628 189 δὲ
645 133 729 191 τοῦτο
742 133 949 192 ἀντετάσσοντο

106 219 199 278 2οέπὶ
217 221 267 293 τῆς
281 216 414 293 ὖπωρείης
436 222 486 277 τοῦ
510 218 691 294 Κιθαιρῶνος.
732 218 890 295 Μαρδόνιος
909 220 948 290 δὲ,

154 304 189 368 ὦς
203 305 235 365 οὐ
245 306 411 380 κατέβαινον
421 307 447 364 οἱ
455 303 594 381 Ἕλληνες
608 311 635 369 ἐς
647 304 680 364 τό
690 307 793 378 πεδίον,
804 307 908 383 πέμπει
921 313 949 372 ἔς

154 392 252 456 αὗτοῦς
270 399 367 453 πᾶσαν
384 394 435 470 τήν
455 395 547 464 ἵππον,
561 399 612 470 τῆς
628 395 764 473 ἱππάρχεε
778 397 948 467 Μασίστιος,

154 480 316 558 εὐδοκιμέων
329 480 405 558 παρά
415 483 556 561 Πέρσησι,
568 483 629 563 (τόν
637 482 776 558 Ἕλληνες
790 485 950 546 Μακίστιον

153 570 307 650 καλέουσι,)
329 569 416 628 ἵππον
435 572 505 648 έχων
531 575 662 640 Νισαῖον,
686 571 894 650 χρυσοχάλινόν
917 599 949 633 τε

153 657 200 715 καὶ
218 656 311 722 άλλως
330 660 539 735 κεκοσμημένον
557 663 658 722 καλῶς·
679 659 796 718 ἐνθαῦτα
809 657 844 722 ὦς
860 687 948 736 προσ-

152 744 265 820 ήλασαν
281 749 307 806 οἱ
326 744 442 806 ἱππόται
458 747 527 824 πρός
544 747 767 822 τούςἜλληνας,
784 749 948 824 προσέβαλ-

152 836 204 893 λον
220 834 291 893 κατά
310 834 403 893 τέλεα·
430 831 666 912 πρόσβάλλοντες
686 835 715 893 δὲ
739 833 811 894 κακά
836 836 949 916 μεγάλα

105 921 141 978 21
153 921 308 1002 ἐργάζοντο,
330 923 376 981 καὶ
395 923 526 1004 γυναῖκάς
547 929 644 1004 σφεαςΙ
661 921 822 983 ἀπεκάλεον.
866 924 949 985 Κατά

153 1011 303 1088 συντυχίην
320 1011 349 1070 δὲ
367 1012 513 1092 Μεγαρέες,
529 1012 626 1089 ἔτυχον
643 1012 791 1090 ταχθέντες
809 1008 876 1090 ᾗτδ
890 1016 948 1072 ε’πι-

150 1097 316 1176 μαχιίτατον
335 1096 369 1174 ἦν
395 1103 445 1158 τοῦ
470 1101 572 1178 χωρίου
597 1099 708 1161 παντός·
740 1099 786 1158 καὶ
809 1097 949 1176 πρόσοδος

150 1183 278 1260 μάλιστα
293 1185 380 1265 ταύτῃ
400 1186 552 1268 ε’γίνετοτῇ
567 1187 650 1266 ἵππῳ·
672 1187 898 1264 προσβαλούσης
912 1188 949 1250 ὧν

150 1276 201 1348 τῆς
215 1274 309 1344 ἵππου,
323 1277 350 1334 οἱ
363 1275 506 1354 Μεγαρέες
518 1275 676 1353 πιεζόμενοι
689 1276 812 1350 ἔπεμπον
826 1275 871 1334 ε’πὶ
883 1276 950 1341 τούς
1006 1271 1009 1277 ¹

144 1351 326 1442 ’στρατηγούς
341 1366 396 1422 τῶν
412 1362 556 1438 Ἑλλήνων
572 1363 686 1441 κήρυκα·
708 1363 873 1440 άπικόμενος
889 1365 948 1426 δὲό

155 1447 242 1525 κήρυξ
252 1449 323 1526 πρὸς
340 1448 439 1512 αὐτους
452 1451 531 1531 ἔλεγε
543 1451 618 1512 τάδε·
639 1462 657 1487 “
665 1452 807 1531 Μεγαρέες
820 1453 947 1533 λέγουσι·

131 1535 238 1611 ,ἡμεῖς
253 1536 348 1614 ἄνδρες
368 1536 522 1616 σύμμαχοι,
538 1538 570 1598 οὐ
590 1539 704 1599 δυνατοί
721 1544 796 1616 εἶμεν
807 1540 859 1616 τήν
876 1547 947 1618 Περ-

151 1624 223 1683 σέων
241 1625 326 1685 ίππον
342 1624 471 1685 δέκεσθαι
488 1631 594 1702 μοῦνοι,
609 1629 718 1706 ἔχοντες
730 1627 834 1688 στάσιν
846 1629 949 1706 ταύτην

152 1715 179 1773 ἐς
195 1711 246 1788 την
265 1713 384 1789 ἔστημεν
402 1711 501 1792 οἷρχήν·
522 1711 599 1773 άλλᾶ
612 1715 658 1776 καὶ
672 1722 699 1780 ές
711 1717 774 1777 τάδε
788 1718 905 1797 λιπαρίῃ
917 1743 948 1778 τε

151 1799 197 1858 καὶ
215 1798 301 1879 α’ρετῇ
319 1800 479 1881 άντέχομεν,
494 1802 592 1880 καίπερ
606 1803 786 1882 πιεζεύμενοι·
807 1809 856 1865 νῦν
869 1830 907 1877 τε,
924 1809 949 1865 εἰ

150 1885 191 1962 μή
203 1913 279 1952 τινας
292 1887 396 1953 άλλους
409 1889 533 1968 πέμψετε
546 1891 691 1972 διαδόχους
703 1896 753 1970 τῆς
765 1892 867 1963 τάξιος,
885 1894 948 1952 ἰὀτε

150 1974 237 2051 ἦμέας
253 1978 431 2057 ἐκλείψοντας
448 1978 499 2056 την
514 1979 618 2050 τάξιν.”
639 1980 655 2042 ό
671 1984 723 2059 μὲν
739 1979 774 2055 δή
791 1988 847 2057 σφι
860 1985 947 2041 ταῦτα

151 2062 314 2148 ἀπήγγειλε·
335 2068 499 2142 Παυσανίης
512 2067 541 2126 δὲ
554 2067 723 2146 ἀπεπειρᾶτο
732 2069 946 2146 τῶνἙλλήνων,

155 2153 180 2210 εἴ
197 2181 268 2218 τινες
289 2155 410 2215 ἐθέλοιεν
431 2154 516 2214 άλλοι
537 2158 681 2218 ἐθελονταὶ
702 2157 769 2218 ἰέναι
794 2183 825 2216 τε
849 2161 876 2219 ἐς
898 2156 948 2218 τόν

153 2245 245 2320 χῶρον
259 2245 367 2312 τοῦτον,
387 2245 433 2301 καὶ
450 2243 611 2305 τάσσεσθαι
629 2245 753 2324 διάδοχοι
772 2249 946 2323 Μεγαρεῦσι·

152 2327 184 2387 ov'
195 2329 378 2406 βουλομένων
391 2329 421 2388 δὲ
433 2334 488 2391 τῶν
501 2331 603 2402 άλλων,
617 2331 759 2407 Ἀθηναῖοι
771 2328 946 2404 ὖπεδέξαντο,

151 2415 196 2474 καὶ
214 2415 366 2492 Ἀθηναίων
385 2420 412 2476 οἶ
429 2418 584 2496 τριηκόσιοι
601 2418 718 2500 λογάδες
737 2421 792 2477 τῶν
812 2417 947 2499 ἐλοχήγεε

104 2502 379 2582 22Ὀλυμπιόδωρος
405 2505 421 2566 ὁ
446 2507 610 2584 Λάμπωνος.
653 2503 739 2565 Οὗτοι
764 2501 893 2582 ἦσανόἶ
916 2533 947 2566 τε

150 2589 355 2669 ὑποδεξάμενοι,
373 2594 419 2652 καὶ
433 2598 459 2653 οἱ
473 2595 527 2672 πρὸ
541 2597 596 2654 τῶν
609 2591 704 2654 ἄλλων
717 2597 772 2654 τῶν
789 2593 945 2672 παρεόντων

149 2677 294 2756 Ἑλλήνων
307 2684 334 2744 ές
342 2680 480 2759 Ἐρυθράς
491 2682 646 2761 ταχθέντες,
660 2680 724 2746 τούς
733 2681 849 2752 τοξότας
858 2708 946 2760 προσ-

151 2767 288 2844 ελόμενοι·
314 2770 480 2848 μαχομένων
500 2769 531 2828 δέ
550 2773 646 2845 σφεων
666 2771 712 2830 ε’πὶ
732 2770 842 2850 χρόνον,
865 2771 948 2834 τέλος

149 2855 256 2915 τοιόνδε
282 2857 391 2937 ἐγένετο
417 2860 467 2930 τῆς
492 2855 594 2936 μάχης·
625 2859 871 2935 προσβαλλούσης
896 2863 947 2935 τῆς

151 2943 237 3003 ἵππου
251 2943 321 3004 κατά
331 2944 421 3014 τέλεα,
438 2942 454 3002 ό
468 2945 632 3004 Μασιστίου
645 2947 771 3027 προέχων
784 2951 839 3007 τῶν
851 2945 947 3006 άλλων

151 3029 235 3092 ἵππος
251 3031 394 3106 βάλλεται
411 3029 560 3107 τοξεύματι
575 3032 610 3092 τά
628 3034 744 3112 πλευρά·
765 3033 895 3114 άλγήσας
908 3033 946 3104 δὲ,

151 3116 265 3177 ἵσταταί
286 3142 317 3178 τε
340 3115 423 3193 ὀρθός
446 3119 492 3176 καὶ
514 3118 675 3182 α’ποσείεται
697 3122 747 3184 τόν
774 3123 946 3182 Μασίστιον·

151 3201 268 3262 πεσόντι
282 3204 313 3262 δὲ
333 3202 406 3281 αὐτῷ
424 3207 451 3263 οἱ
468 3203 612 3282 Ἀθηναῖοι
624 3209 722 3270 αὐτίκα
735 3209 875 3270 ἐπεκέατο·
896 3205 947 3266 τόν
