2204 3430
130 106 162 152 οο
443 106 625 154 ΗΡοΔοτοτ
868 103 928 168 [vl.

129 182 250 259 μένηνό
267 182 412 260 Ἀρίστων,
433 183 558 260 ἔμαθε“
537 210 573 247 ως
591 183 710 244 octav*
684 209 727 259 ειη
747 181 780 242 τό
803 186 927 264 πρῆγμα

131 271 176 328 καὶ
195 275 278 329 τοῦτο
293 273 345 346 μὲν
363 297 390 329 οι
381 272 544 346 ’στέφανοι
565 270 755 346 ἐφάνησαν”
726 296 816 334 εοντες
832 276 862 330 ἐκ
880 275 930 332 τοῦ

128 358 230 434 ἡρωίου
242 361 292 417 τοῦ
311 358 387 436 παρά
400 362 469 437 τῇσι
483 358 634 436 θύρῃσι
598 384 666 436 τῃσι
679 358 809 436 αὐλείῃσι
823 359 930 436 ἱδρυμέ-

129 471 186 504 νου·
202 445 246 524 (τό
261 447 395 505 καλέουσι
404 445 627 526 Ἀστραβάκου)
640 449 724 505 τοῦτο
737 445 766 505 δέ
779 448 806 505 οἶ
818 446 929 522 μάντιες

130 533 179 592 τάν
196 532 280 592 αὐτόν
297 537 397 593 τοῦτον
415 533 491 609 ἥρωα
504 532 631 610 ἀναίρεον
645 532 723 592 εἶναι.
765 531 836 592 οὕτω
840 532 893 697 χὴ,
909 534 929 592 ὦ

128 625 188 689 παῖ,
203 621 274 697 ἔχεις
289 624 345 678 πᾶν
358 619 429 681 ὅσον
441 646 469 680 τι
482 620 528 678 καὶ
540 619 661 696 βούλεαι
673 621 822 681 πυθέσθαι·
873 621 929 702 γάρ

132 712 162 766 ἐκ
174 711 225 766 τοῦ
239 706 326 783 ἥρωος
339 707 437 768 τούτου
450 709 567 789 γέγονας
577 709 626 766 καί
632 733 676 768 τοι
686 708 778 785 πατήρ
789 711 851 768 ἐστι
860 708 927 769 Ἀσ-

130 794 273 872 τράβακος
290 794 305 853 ἀ
325 794 403 872 ἥρως,
423 793 441 872 ἢ
457 794 603 874 Ἀρίστων·
625 800 654 856 ἐν
671 794 726 876 γάρ
745 821 780 856 σε
797 799 833 873 τῇ
851 797 928 856 νυκτὶ

129 883 216 962 ταύτῃ
231 881 402 960 ἀναιρέομαι.
436 910 471 962 τῃ
486 884 517 944 δέ
528 909 580 944 σευ
595 882 723 960 μάλιστα
741 882 927 943 κατάπτονται

129 973 156 1030 οἱ
175 971 279 1050 ἐχθροὶ,
297 971 427 1052 λέγοντες
444 971 479 1034 ιός
495 970 578 1034 αὐτός
596 971 612 1030 ό
628 970 772 1047 Ἀρίστων,
787 969 834 1030 ὅτε
852 969 927 1048 αὐτῷ

128 1059 166 1118 σά
192 1058 559 1140 ἠγγέλθηςιγέγεννημένος,
580 1061 697 1118 πολλῶν
717 1055 872 1118 ἀκουόντων
893 1060 925 1118 οὐ

131 1146 234 1222 φήσειέ
262 1173 297 1206 σε
325 1150 426 1206 ἑωυτοῦ
455 1146 532 1216 εἶναι,
554 1145 614 1224 (τόν
636 1144 739 1223 χρόνον
766 1144 829 1226 γάρ,
862 1145 927 1208 τούς

129 1234 195 1294 δέκα
213 1238 310 1311 μῆνας,
329 1233 393 1292 οὐδέ
411 1259 449 1291 κω
468 1233 592 1311 ἐξήκειν)
607 1231 716 1309 ἀϊδρηίη
729 1231 926 1292 τῶντοιούτων

130 1325 217 1384 κεῖνος
229 1325 313 1380 τοῦτο
325 1319 460 1397 ἀπέρριψε
469 1319 503 1380 τό
514 1321 588 1382 ἔπος·
600 1319 726 1379 τίκτουσι
735 1319 790 1400 γάρ
800 1323 925 1398 γυναῖκες

130 1409 176 1466 καὶ
200 1407 351 1484 ἐννεάμηνα
377 1408 423 1466 καὶ
446 1405 598 1483 ἑπτάμηνα,
623 1407 670 1464 καὶ
692 1405 724 1465 οὔ
745 1410 836 1466 πᾶσαι
860 1406 926 1466 δέκα

129 1499 219 1571 μῆνας
243 1493 438 1554 ἐκτελέσασαι
460 1493 513 1574 ε’γιδ
530 1494 559 1553 δὲ
581 1496 624 1563 σέ,
646 1492 667 1552 ὧ
688 1497 747 1564 παῖ,
768 1492 925 1570 ἑπτάμηνον

130 1583 231 1642 ἔτεκον·
245 1582 313 1662 ἔγνω
324 1581 352 1641 δέ
363 1581 409 1640 καὶ
420 1579 501 1644 αάτάς
511 1581 527 1641 ἀ
536 1581 674 1659 Ἀρίστων
687 1580 720 1641 οὔ
733 1581 805 1658 μετά
814 1582 925 1641 πολλόν

128 1669 239 1748 χρόνον,
253 1667 289 1732 ἀς
301 1667 380 1747 ἀνοίῃ
392 1667 425 1728 τό
440 1669 504 1732 ἔπος
523 1669 642 1746 ἐκβάλοι
657 1673 750 1730 τοῦτο.
779 1668 882 1750 λόγους
895 1670 925 1728 δὲ

130 1755 235 1821 ἄλλους
248 1757 311 1834 περὶ
323 1756 448 1838 γενέσιος
461 1761 510 1833 τῆς
524 1761 646 1817 σεωυτοῦ
659 1756 699 1834 μὴ
714 1756 801 1816 δέκεο·
822 1757 857 1816 τά
870 1757 924 1838 γάρ

129 1843 311 1920 ἀληθέστατα
323 1843 415 1905 πάντα
428 1843 558 1921 ἀκήκοας.
589 1849 619 1904 ἐκ
632 1845 662 1904 δὲ
675 1845 842 1923 ὀνοφορβῶν
852 1843 925 1922 αὐτῷ

131 1959 162 1992 τε
181 1934 336 2014 Λευτυχίδῃ
357 1932 403 1993 καὶ
423 1937 500 1994 τοῖσι
518 1937 607 1994 ταῦτα
626 1933 744 2015 λέγουσι
758 1935 876 1993 τίκτοιεν
896 1936 925 1990 αἱ

82 2025 121 2080 70
130 2027 255 2101 γυναῖκες
272 2021 397 2085 παῖδας.”
437 2021 474 2080 'H
495 2024 547 2099 μὲν
570 2021 604 2097 δη
625 2026 712 2082 ταῦτα
739 2022 827 2102 ἔλεγε·
858 2019 875 2080 ἀ
895 2019 924 2078 δὲ

130 2109 284 2187 πυθόμενός
301 2135 332 2170 τε
351 2109 387 2169 τά
408 2109 544 2185 ἐβοόλετο
562 2109 609 2169 καὶ
626 2109 723 2168 ἐπόδια
739 2107 848 2184 λαβιδν,
862 2112 924 2166 ἐπο-

130 2197 227 2273 ρεόετο
241 2203 267 2260 ἐς
273 2197 364 2256 Ἦλιν
373 2201 412 2275 τῷ
424 2196 508 2277 λόγῳ,
523 2197 580 2272 φάς
592 2195 628 2259 οἷς
638 2202 665 2258 ἐς
679 2196 812 2270 Δελφοός
820 2193 924 2273 χρησό-

129 2309 212 2359 μενος
219 2288 257 2361 τῷ
263 2284 423 2362 χρηστηρίῳ
431 2282 585 2358 πορεύεται.
599 2281 813 2357 Λακεδαιμόνιοι
820 2282 849 2340 δὲ
859 2282 924 2341 όπο-

129 2370 295 2446 τοπηθέντες
309 2368 478 2446 Δημάρητον
496 2369 611 2446 δρησμῷ
624 2367 793 2447 ἐπιχειρέειν,
805 2367 924 2427 ἐδίωκον·

84 2511 87 2518 .
131 2459 179 2516 καί
193 2483 244 2520 κως
260 2457 333 2533 ἔφθη
352 2462 379 2519 ἐς
397 2455 538 2516 Ζάκυνθον
556 2455 657 2531 διαβάς
673 2454 688 2514 ό
710 2452 878 2531 Δημάρητος
895 2458 925 2514 ἐκ

132 2544 313 2620 τῆςἭλιδος·
325 2542 516 2619 ἐπιδιαβάντες
529 2543 559 2602 δέ
572 2545 599 2602 οἱ
609 2540 830 2619 Λακεδαιμόνιοι,
841 2540 925 2602 αὐτοῦ

131 2658 163 2692 τε
175 2631 295 2692 ἅπτοντο
316 2632 362 2690 καὶ
378 2629 442 2693 τούς
459 2629 628 2708 θεράποντας
646 2629 730 2690 αὐτόν
750 2627 925 2708 ἀπαιρέοντο·

129 2720 201 2797 μετά
220 2719 257 2791 δὲ,
271 2718 304 2780 οὗ
317 2719 371 2801 γάρ
390 2717 549 2788 ἐξεδίδοσαν
565 2717 649 2780 αὐτόν
665 2721 692 2778 οἱ
710 2717 864 2790 Ζακύνθιοι,
886 2722 925 2778 ε’ν-

131 2811 226 2870 θεῦτεν
234 2809 370 2885 διαβαίνει
378 2804 570 2885 ἐςτήνἈσίην
579 2807 655 2885 παρά
662 2807 789 2885 βασιλέα
798 2809 926 2884 Δαρεῖον·

131 2897 190 2959 ἀδέ
203 2896 353 2969 ὑπεδέξατό
364 2923 395 2958 τε
408 2893 492 2956 αὐτόν
509 2898 681 3010 μεγαλωστὶ,
699 2896 746 2957 καὶ
763 2900 818 2978 γῆν
834 2921 865 2957 τε
882 2894 927 2953 καὶ

129 2987 213 3052 πόλις
227 2984 367 3047 ἔδωκε
335 3011 404 3046 ουτω
415 2983 529 3045 ἀπίκετο
542 2989 570 3050 ἐς
581 2985 634 3062 την
645 2984 747 3062 Δσίην
761 2984 927 3062 Δημάρητος

131 3077 177 3136 καὶ
197 3075 310 3158 τοιαύτῃ
329 3072 507 3156 χρησάμενος
516 3073 602 3185 τύχη,
620 3073 698 3134 ἀλλα
713 3100 744 3135 τε
757 3072 925 3144 Λακεδαιμο-

130 3164 215 3226 νίοισι
225 3191 316 3246 συχνα
307 3163 435 3272 ἔργοισί
440 3187 470 3223 τε
481 3162 527 3222 καὶ
534 3161 664 3270 γνώμῃσι
674 3155 926 3238 ἀπολαμπρυνθεὶς,

132 3253 160 3306 ἓν
179 3252 208 3312 δέ
224 3253 258 3329 δη
277 3253 322 3314 καὶ
333 3249 514 3329 Ὀλυμπιάδα
532 3257 588 3328 σφι
603 3249 770 3329 ἀνελόμενος
786 3244 927 3324 τεθρίππῳ
