2280 3432
172 108 313 168 ους-ιιι]
477 106 663 154 Ποιυιιυιι.
924 112 973 159 213

171 189 312 264 βασιλέος
324 187 360 264 ἦν
373 187 520 264 άδελφεός,
530 185 707 250 Ὑστάσπεος
721 187 750 246 δὲ
760 191 811 247 τοῦ
823 186 972 266 Ἀρσάμεω

171 280 247 338 παῖς·
282 275 312 339 ὃς
336 277 382 334 καὶ
407 275 528 338 ἐκδιδούς
551 273 604 350 τήν
627 275 766 355 θυγατέρα
787 275 902 354 Δαρείῳ,
923 277 973 336 τόν

172 363 249 424 οἶκον
275 362 366 424 πάντα
392 363 441 424 τόν
468 367 567 423 ἑωυτοῦ
595 363 720 432 ἐπέδωκε,
754 361 790 426 ὦς
814 363 918 439 μούνου
946 367 973 424 οἱ

172 450 272 527 ἐούσης
288 451 390 527 ταύτης
407 454 513 512 τέκνου.
554 449 663 526 Ξέρξεώ
680 475 711 508 τε
727 451 761 526 δή
775 449 823 508 δύο
838 450 972 528 α’δελφεοὶ

171 540 289 598 ἐνθαῦτα
309 541 445 598 πίπτουσι
463 537 634 617 μαχεόμενοι
652 536 721 614 ῦπὲρ
739 542 789 597 τοῦ
807 543 904 614 νεκροῦ
922 543 972 598 τοῦ

169 627 319 688 Λεωνίδεω·
342 628 476 703 Περσέων
489 653 519 686 τε
533 627 580 684 καὶ
589 625 813 702 Λακεδαιμονίων
827 625 951 702 ιύθισμδς
960 628 1018 686 225

171 715 278 793 ἐγένετο
292 714 411 777 πολλός·
433 719 460 777 ἐς
480 713 496 773 ὃ
515 713 615 772 τοῦτόν
634 739 665 772 τε
685 712 771 791 α’ρετῇ
792 716 818 772 οἱ
832 711 972 789 Ἕλληνες

169 799 362 877 ὑπεξείρυσαν,
376 801 423 858 καὶ
437 801 587 878 ἐτρέψαντο
605 799 669 862 τοῦς
687 801 825 862 ἐναντίους
837 801 969 877 τετράκις.

169 891 252 947 τοῦτο
279 887 309 946 δὲ
336 886 505 962 συνεστήκεε
531 887 615 964 μέχρι
639 885 670 946 οῦ
698 890 725 945 οἱ
752 887 805 946 σῦν
831 886 970 966 Ἐπιάλτῃ

169 976 365 1056 παρεγένοντο·
387 975 423 1038 ὦς
441 975 470 1033 δέ
488 972 697 1050 τούτους·ἧκειν
715 973 850 1034 ἐπύθοντο
866 974 970 1034 οἱἙλ-

170 1064 260 1136 ληνες,
275 1063 399 1122 ἐνθεῦτεν
412 1061 465 1138 ήδη
479 1065 633 1139 ἑτεροιοῦτο
651 1062 685 1120 τό
703 1065 800 1125 νεῖκος·
829 1063 856 1124 ές
871 1088 901 1121 τε
916 1062 971 1142 γάρ

169 1149 202 1208 vo*
216 1148 328 1210 στεινόν
340 1153 391 1226 τῆς
408 1150 474 1210 όδοῦ
490 1148 642 1228 ἀνεχώρεον
660 1148 761 1220 όπίσω,
775 1149 821 1208 καὶ
836 1175 970 1226 παραμει-

170 1237 290 1314 ψάμενοι
302 1236 335 1297 τό
352 1241 445 1316 τεῖχος
461 1237 589 1300 ἐλθόντες
608 1237 699 1308 ἵζοντο
717 1238 763 1296 ε’πὶ
780 1237 830 1298 τόν
847 1237 970 1298 κολωνόν

110 1373 126 1408 ,ἱ
169 1324 270 1388 πάντες
281 1323 361 1388 άλέες
375 1329 402 1384 οἱ
414 1325 509 1394 ἄλλοι,
522 1324 599 1401 πλήν
612 1325 755 1401 Θηβαίων·
776 1325 792 1385 ό
805 1325 835 1384 δέ
849 1323 970 1390 κολωνός

115 1411 134 1472 δ
170 1416 232 1471 ἐστι
245 1419 274 1472 ἐν
286 1439 322 1490 τῃ
336 1413 424 1493 ἐσόδῳ
437 1413 502 1492 ὅκου
516 1417 564 1474 νῦν
577 1413 592 1473 ὁ
606 1414 712 1478 λίθινος
726 1414 797 1474 λέων
808 1413 908 1490 ἔστηκε
921 1412 968 1472 ἐπὶ

81 1483 133 1568 Ἑλ
168 1501 301 1579 Λεωνίδῃ·
335 1504 364 1561 ἐν
390 1501 478 1581 τούτῳ
505 1501 598 1577 σφέας
623 1505 662 1580 τῷ
681 1501 761 1581 χιόρῳ
786 1499 970 1578 ἀλεξομένους

113 1610 129 1643 υ
168 1589 333 1668 μαχαίρῃσι,
353 1593 430 1650 τοῖσι
452 1589 541 1650 αύτιῦν
565 1589 716 1671 ἐτύγχανον
737 1591 777 1649 έτι
796 1593 967 1668 περιεοῦσαι,

90 1642 215 1747 χἓκαὶ
240 1676 324 1756 χερσὶ
352 1679 398 1736 καὶ
424 1677 559 1755 στόμασι,
588 1679 750 1757 κατέχωσαν
772 1681 799 1736 οἶ
822 1677 969 1754 βάρβαροι

104 1826 109 1836 ,
167 1763 378 1839 βάλλοντες,οἶ
398 1770 450 1842 μὲν
470 1767 502 1836 ἐξ
521 1767 644 1842 ἐναντίης
664 1764 849 1842 ἐπισπόμενοι
870 1765 916 1822 καὶ
936 1764 969 1824 τδ

97 1763 143 1967 ’ἒ-
168 1851 255 1927 έρυμα
268 1857 319 1911 τοῦ
335 1853 441 1931 τείχεος
459 1852 666 1934 συγχώσαντες,
683 1855 711 1911 οἱ
729 1853 758 1910 δὲ
776 1852 969 1928 περιελθόντες

167 1937 289 2018 πάντοθς
301 1939 480 2016 περισταδόν.

207 2024 433 2102 Δακεδαιμονίων
453 2025 482 2084 δὲ
499 2026 545 2084 καὶ
560 2025 705 2084 Θεσπιέων
722 2024 854 2085 τοιούτων
870 2049 948 2104 γενο-
956 2027 1016 2086 226

167 2111 264 2186 μένων,
275 2110 349 2187 ὅμως
358 2112 471 2192 λέγεται
484 2111 554 2188 άιήρ
565 2108 678 2183 ἄριστος
688 2113 820 2192 γενέσθαι
830 2111 968 2188 Σπαρτιή-

167 2222 217 2272 της
235 2199 379 2276 Διηνέκης·
399 2198 529 2259 τδνπόδε
549 2199 624 2273 φασὶ
644 2199 719 2258 εἶπαι
739 2197 772 2260 τό
790 2201 854 2262 ἔπος
869 2199 934 2276 πρὶν
950 2198 968 2276 ἢ

167 2287 305 2363 συμμίξαι
318 2287 411 2364 σφέας
423 2291 500 2346 τοῖσι
513 2285 649 2363 Μήδοισι,
663 2285 821 2364 πυθόμενον
839 2286 909 2364 πρός
921 2313 969 2347 τευ

166 2377 222 2434 νῦν
240 2376 393 2455 Τρηχινίων
413 2375 449 2439 ὦς
468 2375 552 2436 ἐπεάν
573 2378 600 2434 οἱ
622 2375 769 2454 βάρβαροι
781 2399 784 2407 ·
795 2375 913 2436 α’πιέωσι
932 2376 969 2436 τοὶ

165 2462 330 2541 τοξεύματα,
346 2465 396 2526 τόν
410 2464 492 2542 ἥλιον
509 2463 564 2524 ῦπδ
581 2467 632 2523 τοῦ
650 2464 774 2541 πλήθεος
791 2469 845 2524 τῶν
863 2463 966 2524 ὀϊστῶν

166 2549 386 2626 ἀποκρύπτουσι·
406 2551 528 2612 τοσοῦτό
542 2577 570 2612 τι
586 2553 697 2628 πλῆθος
712 2552 802 2613 ου’τῦν
819 2552 897 2612 εἶναι·
917 2551 969 2612 τόν

166 2636 197 2700 δὲ
210 2637 260 2696 οῦκ
274 2641 448 2721 ἐκπλαγέντα
459 2640 593 2710 τούτοισι,
608 2643 700 2714 εἰπεῖν,
718 2644 747 2700 ἐν
760 2639 862 2720 α’λογίῃ
876 2639 968 2698 ποιεύ·

166 2751 250 2802 μενον
267 2727 300 2786 τό
318 2731 374 2788 τῦν
388 2728 494 2805 Μήδων
513 2729 633 2804 πλῆθος,
648 2727 683 2790 ὦς
698 2727 790 2788 πάντα
803 2733 860 2803 σφι
873 2725 967 2807 ἀγαθά

167 2811 183 2871 ό
199 2814 345 2891 Τρηχίνιος
362 2816 449 2885 ξεῖνος
466 2815 611 2897 ἀγγέλλοι,
629 2819 653 2874 εἰ
668 2813 901 2892 ἀποκρυπτόντων
913 2815 968 2872 τῶν

166 2899 272 2975 Μήδων
290 2901 340 2962 τόν
359 2903 441 2979 ἥλιον
460 2903 515 2964 ῦπῦ
536 2906 604 2981 σκιῇ
625 2903 718 2973 ἔσοιτο
738 2901 808 2978 πρδς
829 2897 967 2973 αύτοῦςῆ

164 2986 252 3068 μάχη,
268 2989 315 3048 καὶ
328 2989 377 3049 ούκ
392 2997 420 3051 ἐν
433 2991 514 3071 ήλίιρ.
554 2993 707 3067 ταῦταμὲν
721 2990 769 3049 καὶ
782 2989 860 3047 ἄλλα
877 3009 966 3044 τοιου-

164 3075 290 3154 τότροπα
311 3077 378 3137 ἐπεά
404 3085 479 3154 φασι
507 3080 643 3155 Διηνέκεα
672 3077 722 3138 τόν
749 3071 968 3149 Λακεδαιμόνιον

164 3166 300 3226 λιπέσθαι
312 3165 489 3244 μνημόσυνα.
530 3157 613 3226 Μετδ
626 3167 656 3226 δὲ
667 3170 767 3226 τοῦτον
781 3162 946 3240 α’ριστεῦσαι
955 3158 1013 3221 227

164 3254 296 3386 λέῃονται
319 3251 534 3333 Λακεδαιμόνιοι
560 3254 609 3314 δύο
630 3253 772 3330 ἀδελφεοὶ,
792 3245 915 3325 Ἀλφεός
936 3271 968 3307 τε

185 3336 290 3386 1.-17
