2280 3432
175 81 224 132 τοι
479 78 662 128 ἮΡοΔοοου
885 81 977 144 [vm.

175 159 316 238 Προνηίης
332 157 489 234 Ἀθηναίης,
511 162 540 216 ἐν
558 155 646 236 τούτῳ
667 160 698 216 ἐκ
717 159 769 234 μὲν
788 161 839 218 τοῦ
860 157 979 237 οὐρανοῦ

178 246 302 322 κεραυνοὶ
315 243 426 304 αὐτοῖσι
440 245 593 315 ἐνέπιπτον,
609 243 665 304 όπό
686 244 716 304 δὲ
733 248 784 305 τοῦ
802 252 980 324 Παρνησσοῦ

177 333 379 412 ἀπορραγεῖσαι
393 331 441 390 δύο
456 333 577 409 κορυφαὶ
596 333 729 408 ἐφέροντο
747 338 847 412 πολλῷ
863 334 980 418 πατάγῳ

178 427 204 484 ἐς
220 419 325 489 αὐτοῦς,
340 420 386 478 καὶ
407 420 567 496 κατέλαβον
586 419 705 499 συχνούς
723 426 826 496 σφεων,
843 427 872 480 ἐκ
887 423 916 481 δὲ
929 429 980 483 τοῦ

178 513 238 586 ἶροῦ
257 511 307 582 τῆς
327 508 468 583 Προνηίης
484 507 543 583 βοή
563 533 595 568 τε
615 507 661 566 καὶ
679 507 846 586 ἀλαλαγμὸς
865 511 980 590 ἐγίνετο.

130 602 168 658 38
179 596 375 677 Συμμιγέντων
396 595 426 655 δέ
444 595 548 656 τούτων
561 596 685 667 πάντων,
700 595 795 673 φόβος
812 600 889 657 τοῖσι
908 600 981 676 βαρ-

170 685 290 762 βάροισι
314 682 507 744 ἐνεπεπτώκεε·
527 683 664 762 μαθόντες
685 684 715 743 δὲ
736 687 763 743 οἱ
781 687 893 761 Δελφοὶ
914 686 981 761 φεύ-

176 767 277 854 γοντάς
298 777 398 847 σφεας,
416 772 634 849 ἐπικαταβάντες
651 770 814 832 α’πέκτειναν
826 773 936 849 πλῆθός
953 801 982 834 τι

178 861 276 921 αὐτῶν·
325 863 351 919 οἱ
378 860 408 918 δὲ
433 860 603 937 περιεόντες
621 860 664 921 ἴθι)
694 864 823 920 Βοιωτῶν
854 863 981 942 ἔφευγον.

179 951 276 1030 ’θιεγον
294 948 324 1008 δέ
341 951 368 1008 οἱ
387 944 724 1025 ἀπονοστήσαντες-οὗτοι
741 950 796 1007 τῶν
813 947 980 1026 βαρβάρων,

180 1036 214 1100 ὦς
228 1036 282 1117 ε’γώ
295 1035 477 1112 πυνθάνομαι,
488 1035 523 1099 ὦς
536 1033 607 1112 πρός
616 1034 742 1094 τούτοισι
756 1035 802 1097 καὶ,
815 1035 893 1095 ἄλλα
907 1036 983 1114 ὥρων

178 1126 247 1185 θεῖα·
276 1124 325 1184 δύο
345 1124 400 1205 γὰρ
421 1123 540 1185 ὁπλίτας
563 1123 680 1198 μέζονας
699 1121 718 1198 ἢ
739 1124 809 1183 κατοὶ
831 1122 983 1201 ἀνθρώπων

179 1212 267 1289 φύσιν
277 1213 390 1291 ἔχοντας
401 1210 521 1270 ἕπεσθαί
532 1215 596 1285 σφι,
606 1210 760 1284 κτείνοντας
769 1211 815 1269 καὶ
825 1211 981 1277 διώκοντας.

131 1303 168 1362 39
178 1300 297 1362 Τούτους
307 1299 336 1358 δὲ
349 1299 415 1360 τούς
425 1297 474 1356 δύο
483 1298 596 1373 Δελφοὶ
609 1298 726 1378 λέγουσι
738 1298 807 1358 εἶναι
821 1301 983 1378 ἐπιχωρίως

177 1388 276 1464 ἥρωας,
297 1385 429 1445 Φύλακόν
449 1411 480 1445 τε
501 1385 546 1443 καὶ
566 1384 719 1456 Αὐτόνοον,
738 1391 792 1446 τῶν
812 1387 849 1447 τὰ
868 1387 983 1465 τεμένειί

179 1482 240 1536 ἐστι
253 1475 317 1551 περὶ
329 1473 363 1534 τό
377 1473 444 1550 ἱρόν,
460 1472 590 1532 Φυλόκου
607 1476 658 1550 μὲν
671 1474 741 1552 παρ’
750 1473 836 1552 αὐτήν
853 1476 907 1552 τήν
919 1476 984 1538 ὁδόν

180 1563 334 1639 κατύπερθε
363 1565 413 1620 τοῦ
441 1564 500 1637 ἱροῦ
531 1564 582 1636 τῆς
609 1564 757 1638 Προνηίης,
785 1562 927 1624 Αὐτονόου
953 1565 984 1625 δέ

179 1653 268 1712 πέλας
294 1653 344 1724 τῆς
368 1648 539 1725 Κασταλίης,
563 1647 618 1709 15πό
641 1653 677 1727 τῇ
700 1649 838 1731 Ὑαμπείῃ
863 1656 983 1731 κορυφῇ.

181 1741 208 1797 οἱ
221 1738 251 1796 δὲ
267 1736 401 1799 πεσόντες
413 1735 469 1795 α’πὸ
485 1740 535 1796 τοῦ
549 1737 728 1815 Παρνησσοῧ
744 1739 822 1800 λίθοι
839 1741 879 1799 ἔτι
897 1741 943 1798 καὶ
956 1745 985 1802 ἐς

179 1825 266 1901 ἡμέας
291 1823 366 1900 ἦσαν
395 1824 467 1894 σόοι,
499 1829 528 1884 ἐν
558 1828 597 1904 τῷ
627 1827 733 1903 τεμένεϊ
764 1831 814 1902 τῆς
843 1828 985 1904 Προνηίης

180 1911 328 1990 Ἀθηναίης
350 1913 475 1989 κείμενοι,
495 1918 523 1985 ἐς
536 1912 575 1980 Ιτό
597 1912 753 1992 ἐνέσκηψαν
774 1915 819 1974 διὰ
838 1919 893 1973 τῶν
912 1915 983 1990 βαρ-

178 2000 276 2078 βάρων
303 2000 461 2077 φερόμενοι,
483 1999 606 2063 ,τούτων
638 2002 691 2077 μέν
720 2027 768 2061 νυν
796 2004 851 2062 τῶν
878 1999 985 2079 ἀνδρῶν

180 2088 250 2165 αὕτη
263 2088 319 2149 ἀπό
333 2092 384 2148 τοῦ
399 2090 458 2163 ἱροῦ
472 2085 755 2170 ἀπαλλαγή-γίνεται.

132 2179 171 2237 40
220 2175 255 2235 ‘0
289 2177 319 2236 δὲ
352 2175 497 2250 Ἑλλήνων
530 2177 657 2240 ναιπίκὸς
691 2175 812 2252 στρατός
845 2174 901 2235 αἰπὰ
934 2180 986 2236 τοῦ

179 2263 368 2342 Ἀρτεμισίου,
401 2261 554 2340 Ἀθηναίων
588 2264 746 2339 δεηθέντων,
773 2267 802 2323 ἐς
822 2263 985 2337 ,Σαλαμῖνα

182 2353 309 2430 κατίσχει
321 2350 372 2414 τὰς
384 2354 461 2426 νῆας.
501 2352 587 2412 τῶνδε
606 2352 636 2411 δὲ
650 2351 739 2410 εἵνεκα
751 2347 985 2425 προσεδεήθησαν

182 2437 271 2499 αὐτῶν
295 2441 376 2517 σχεῖν
395 2439 466 2516 πρός
490 2441 636 2515 Σαλαμῖνα
656 2436 807 2510 Ἀθηναῖοι,
821 2434 881 2506 Ι’ἵνα
905 2435 985 2498 αὐτοὶ

181 2524 282 2589 παϊδός
314 2551 346 2586 τε
380 2528 427 2588 καὶ
458 2531 589 2608 γυναῖκας
618 2520 845 2603 ὖπεξαγᾷγωνται
875 2527 905 2582 ἐκ
935 2528 986 2601 τῆς

182 2613 318 2691 Ἀττικῆς,
343 2613 413 2692 πρός
437 2614 467 2674 δὲ
489 2615 535 2672 καὶ
560 2611 773 2687 βουλεύσωνται
796 2609 830 2671 τό
853 2613 985 2689 ποιητέον

183 2701 294 2763 αὗτοῖσι
307 2705 397 2764 ἔσται.
438 2702 483 2761 ἐπὶ
498 2699 553 2780 γὰρ
571 2702 647 2760 τοῖσι
666 2698 819 2774 κατήκουσι
834 2699 985 2781 πρήγμασι

181 2790 294 2868 βουλήν
307 2793 429 2870 ἔμελλον
441 2787 620 2862 ποιήσεσθαι,
635 2787 671 2850 ὥς
684 2787 852 2864 ἐψευσμένοι
863 2787 984 2868 γνώμης·

183 2879 323 2944 δοκέοντες
335 2879 391 2960 γὰρ
405 2874 532 2953 εὑρήσειν
543 2875 791 2952 Πελοποννησίους
804 2876 942 2952 πανδημεὶ
956 2881 986 2936 ἐν

183 2972 219 3046 τῇ
239 2968 359 3046 Βοιωτίη
377 2961 600 3040 ὑποκατημένους
616 2965 665 3024 τόν
683 2963 843 3041 βόρβορον,
859 2966 915 3024 τῶν
933 2965 986 3040 μὶν

184 3053 265 3133 εὗρον
289 3054 367 3114 οὐδὲν
393 3051 447 3123 ἐὰν,
473 3053 500 3110 οἱ
526 3051 556 3109 δὲ
583 3052 767 3113 ἐπυνθάνοντο
793 3052 843 3112 τόν
867 3050 986 3127 Ἰσθμόν

185 3142 284 3206 αὐτοῦς
316 3140 481 3221 τειχέοντας,
516 3139 561 3198 καὶ
587 3139 639 3216 τήν
670 3137 891 3216 Πελοπόννησον
920 3139 986 3216 περὶ

185 3230 323 3292 πλείστου
358 3227 537 3303 ποιευμένους
569 3227 705 3302 περιεῖναί
738 3249 770 3287 τε
804 3227 851 3287 καὶ
882 3214 987 3299 ταύτην
