2294 3430
177 123 209 172 ιιι
479 117 663 168 οινουοιοι·
914 115 977 180 [ιιι.

177 201 244 279 ύμῖν
256 199 459 278 ἀναβάλλομαι
475 199 610 277 κυρώσειν
628 202 657 262 ἔς
676 196 809 274 τέταρτον
829 199 905 272 μῆνα
923 195 979 258 ἀπὸ

177 289 268 350 τοῦδε.
310 291 337 347 οἱ
357 291 409 365 μὲν
430 287 465 362 δή
484 285 626 361 Μιλήσιοι
647 283 800 393 σρμφορήν
820 283 979 360 ποιεύμενοι

178 374 456 445 ἀπαλλάσσοντο,
436 401 471 436 ως
498 373 717 450 ἀπεστερημένοι
740 397 795 430 των
818 371 979 482 χρημάτων·

178 467 305 526 Γλαῦκος
326 462 390 520 δὲ’
377 461 522 539 επορεύετο
544 465 572 522 ἔς
591 459 723 535 Δελφους
742 483 919 568 χρησψενος
939 485 978 539 τῳ

178 549 348 662 χρηστηρίῳ·
371 552 560 625 ἐπειρωτῶντα
574 546 651 606 δὲ’
616 547 701 606 αυτόν
718 545 751 606 τδ
764 545 937 656 χρηστήριον
956 552 980 606 εἰ

179 637 250 716 ὅρκῳ
273 636 309 696 τιί
331 636 463 715 χρήματα
486 636 633 712 ληισετιιι;
658 633 795 710 ηΠυθίη
815 634 978 714 μετέρχεται

178 725 274 785 τοῖσδε
293 725 406 784 τοῖσι”
392 749 481 783 επεσι·

228 835 317 886 Γλαῦκ’
331 837 489 896 Ἐπικυδείδη,
509 837 538 885 τό
554 837 598 895 μὲν
614 835 701 884 αι’πίκα
718 834 807 896 κέρδιον
823 833 886 882 οὕτω

227 911 289 972 δρκιρ
300 912 402 969 νικῆσαι,
423 911 463 958 καί
480 911 595 971 χρήματα
611 908 765 966 ληίσσασθαι.

229 983 296 1040 όμνυ·
315 983 368 1030 ἐπεί
385 982 485 1030 θάνατός
501 999 532 1042 γε
549 981 589 1028 καί
606 981 700 1041 εὔορκον
715 980 779 1037 μένει
795 977 877 1038 ἄνδρα.

228 1053 283 1102 ἀλλ’
296 1053 384 1115 ,Ὅρκον
401 1055 457 1102 πιίῖς
474 1055 540 1102 ἐστίν
557 1053 681 1109 ἀνώνυμος·
700 1050 749 1099 οὐδ’
765 1052 805 1098 ἔπι
821 1051 906 1110 χεῖρες,

229 1127 283 1173 οὐδὲ
299 1127 377 1174 πόδες·
396 1126 506 1185 κραιπνὸς
523 1125 555 1172 δὲ·
562 1125 713 1184 μετέρχεται,
734 1122 811 1170 εἰσόκε
828 1121 910 1169 πᾶσαν

227 1197 372 1258 συμμάρψας
390 1197 468 1244 ὀλέσει
484 1197 576 1256 γενεὴν,
596 1196 636 1243 καί
653 1195 715 1242 οίκον
732 1193 836 1240 ἅπαντα.

229 1267 311 1330 ἀνδρὸς
328 1267 347 1314 δ’
365 1268 459 1328 εὐόρκου
475 1268 547 1327 γενεὴ
562 1265 708 1324 μετόπισθεν
725 1266 831 1322 ἀμείνων.

179 1349 267 1406 ταῦτα
281 1345 404 1407 οἰκούσας
417 1345 433 1405 ὁ
447 1349 574 1408 Γλαῦκος
587 1345 755 1425 συγγνώμην
773 1344 823 1404 τάν
843 1343 907 1404 θεδν
927 1371 979 1402 πα-

181 1433 305 1509 ραιτέετο
319 1432 391 1511 αύτῷ
404 1433 496 1511 ἴσχειν
505 1437 560 1492 τῶν
569 1433 716 1508 ῥηθέντων·
737 1433 756 1508 ἦ
770 1433 799 1490 δὲ
809 1423 903 1507 Πυθίη
914 1432 977 1508 ἔφη,

181 1519 214 1580 τό
233 1519 396 1596 πειρηθῆναι
413 1523 463 1578 τοῦ
482 1520 547 1579 θεοῦ
566 1519 612 1578 καὶ
631 1519 664 1580 τδ
684 1523 803 1596 ποιῆσαι
822 1519 887 1579 ἴσον
900 1519 978 1579 δύνα-

181 1607 259 1666 σθαι.
295 1610 421 1670 Γλαῦκος
433 1609 484 1683 μὲν
498 1606 532 1682 δὴ
546 1606 797 1685 μεταπεμψάμενος
809 1606 873 1670 τοδς
886 1611 979 1683 Μιλη

182 1693 261 1757 σίους
281 1693 392 1763 ξείνους,
415 1693 543 1752 ἀποδιδοῖ
565 1699 621 1769 σφι
641 1694 677 1753 τοὶ
697 1694 838 1774 χρήματα.
878 1699 929 1754 τοῦ
950 1695 979 1754 δὲ

182 1781 272 1840 εἵνεκα
293 1781 309 1841 ὁ
329 1781 416 1862 λόγος
436 1780 525 1852 ὅδε,ὦ
543 1780 694 1857 Ἀθηναῖοι,
709 1781 824 1859 ωρμήθη
844 1783 980 1862 λέγεσθαι

183 1873 210 1932 ἔς
229 1868 322 1947 ὖμέας,
337 1868 485 1948 εἰρήσεται·
507 1868 635 1928 Γλαύκου
656 1873 704 1930 νῦν
724 1869 787 1929 οὔτε
798 1895 826 1929 τι
840 1868 980 1948 ἀπόγονόν
999 1923 1003 1930 .

183 1961 245 2017 ἔστι
258 1957 336 2018 οὐδὲν
350 1956 406 2017 οὔτ’
416 1957 492 2034 ἱστίη
507 1956 620 2033 ούδεμία
634 1957 799 2034 νομιζομένη
810 1956 879 2016 εἶναι
889 1955 980 2014 Γλαύ-

172 2053 240 2104 κου·
264 2046 438 2122 ἒκτέτριπταί
456 2069 487 2104 τε
507 2044 655 2122 πρόρριζος
676 2050 706 2104 ε’κ
729 2043 864 2121 Σπάρτης.
910 2042 980 2104 οὕτω

181 2131 288 2213 ἀγαθόν
307 2133 377 2209 μηδὲ
396 2133 569 2192 διανοέεσθαι
582 2133 647 2209 περὶ
661 2131 824 2209 παραθήκης
842 2129 917 2191 ἀλλο
937 2156 979 2212 γε,

181 2217 398 2294 ἢάπαιτεόντων
414 2218 600 2280 ἀποδιδόναι.”
640 2219 810 2298 Λευτυχίδης
829 2221 882 2295 μὲν
902 2220 981 2283 εἴπας

181 2310 277 2376 ταῦτα,
291 2307 326 2370 ὥς
339 2333 366 2366 οι
357 2306 442 2366 οὐδὲ
455 2307 525 2367 οὕτω
539 2307 673 2384 ἐσήκουον
686 2311 713 2368 οἶ
724 2306 875 2383 Ἀθηναῖοι,
889 2306 979 2367 ἀπαλ-

137 2392 320 2453 λοίσσετο.

135 2481 173 2542 87
224 2470 260 2540 Οἱ
279 2481 308 2540 δὲ
322 2484 475 2562 Αἰγινῆται,
494 2481 559 2559 πρὶν
576 2485 631 2554 τῷν
651 2481 787 2558 πρότερον
805 2480 981 2559 ἀδικημάτων

182 2567 278 2628 δοῦναι
296 2569 428 2632 δίκας
390 2593 445 2628 των
465 2573 492 2631 ές
504 2567 668 2645 Αθηναίους
687 2569 812 2648 ὕβρισαν
825 2570 981 2646 Θηβαίοισι

181 2655 367 2736 χαριζόμενοι,
395 2655 530 2732 ε’παίησαν
558 2656 674 2717 τοιόνδε·
702 2657 879 2735 μεμφόμενοι
904 2662 982 2720 τοῖσι

181 2743 356 2820 Ἀθηναίοισι
372 2743 418 2803 καὶ
437 2741 575 2813 ἀξιοῦντες
596 2745 763 2816 ἀδικέεσθαι,
778 2746 813 2811 οἷς
825 2747 981 2824 τιμωρησό-

94 2913 98 2918 Ι
181 2857 260 2909 μενοι
279 2832 346 2897 τούς
357 2831 521 2908 Ἀθηναίους
540 2832 789 2910 παρεσκευάζοντο·
811 2835 857 2894 καὶ
874 2834 909 2910 ἦν
925 2834 981 2914 γὰρ

182 2919 217 2996 δὴ
236 2922 313 2980 τοῖσι
329 2918 506 2995 Ἀθηναίοισι
525 2921 684 3000 πεντετηρὶς
705 2923 750 2980 ε’πὶ
767 2923 879 3000 Σουνίῳ,
894 2920 982 3000 λοχή-

182 3033 282 3074 σαντες
304 3007 341 3070 ὧν
360 3006 413 3084 τὴν
434 3006 549 3084 θεωρίδα
571 3010 624 3083 νῆο
648 3007 724 3069 εἶλον
742 3008 853 3085 πλήρεα
876 3007 982 3086 ἀνδρῶν

181 3101 237 3157 τῶν
259 3097 374 3176 πρώτων
394 3095 556 3171 Ἀθηναίων·
577 3093 715 3172 λαβόντες
736 3096 765 3156 δὲ
786 3097 851 3160 τούς
872 3095 980 3174 ἄνδρας,

136 3183 174 3240 88
183 3184 294 3261 ἔδησαν.
336 3177 479 3261 Ἀθηναῖοι
492 3181 522 3242 δὲ
534 3180 670 3246 παθόντες
682 3187 770 3243 τοῦτο
786 3181 856 3260 πρδς
869 3187 981 3263 Αἰγινη-

182 3271 259 3342 τέων,
281 3272 373 3333 οθκέτι
393 3268 589 3348 ἀνεβάλλοπο
611 3269 651 3346 μὴ
674 3269 706 3330 ού
724 3269 758 3330 τό
779 3273 836 3328 πᾶν
856 3271 981 3350 μηχανό-
