<?xml version="1.0" encoding="UTF-8"?>
<!DOCTYPE html PUBLIC "-//W3C//DTD XHTML 1.0 Transitional//EN"
    "http://www.w3.org/TR/xhtml1/DTD/xhtml1-transitional.dtd">
<html xmlns="http://www.w3.org/1999/xhtml" xml:lang="en" lang="en">
 <head>
  <title>
</title>
<meta http-equiv="Content-Type" content="text/html;charset=utf-8" />
  <meta name='ocr-system' content='tesseract 3.04.00' />
  <meta name='ocr-capabilities' content='ocr_page ocr_carea ocr_par ocr_line ocrx_word'/>
</head>
<body>
  <div class='ocr_page' id='page_1' title='image "./herodotusrecens01blakgoog_0034.png"; bbox 0 0 2204 3430; ppageno 0'>
   <div class='ocr_carea' id='block_1_1' title="bbox 120 55 1013 3294">
    <p class='ocr_par' dir='ltr' id='par_1_1' title="bbox 120 55 1013 3294">
     <span class='ocr_line' id='line_1_1' title="bbox 140 55 944 122; baseline 0.006 -16"><span class='ocrx_word' id='word_1_1' title='bbox 140 55 249 122; x_wconf 77' lang='grc' dir='ltr'>ιιι-ιι]</span> <span class='ocrx_word' id='word_1_2' title='bbox 435 57 639 106; x_wconf 67' lang='grc' dir='ltr'>τανυιαονα.</span> <span class='ocrx_word' id='word_1_3' title='bbox 910 61 944 111; x_wconf 72' lang='grc' dir='ltr'>τι</span> 
     </span>
     <span class='ocr_line' id='line_1_2' title="bbox 139 135 945 217; baseline 0.007 -23"><span class='ocrx_word' id='word_1_4' title='bbox 139 135 246 212; x_wconf 84' lang='grc' dir='ltr'>μένεος,</span> <span class='ocrx_word' id='word_1_5' title='bbox 272 137 425 214; x_wconf 79' lang='grc' dir='ltr'>προέβαινε</span> <span class='ocrx_word' id='word_1_6' title='bbox 452 141 530 198; x_wconf 83' lang='grc' dir='ltr'>τοῖσι</span> <span class='ocrx_word' id='word_1_7' title='bbox 555 137 686 217; x_wconf 89' lang='grc' dir='ltr'>χρήμασι</span> <span class='ocrx_word' id='word_1_8' title='bbox 711 136 902 216; x_wconf 73' lang='grc' dir='ltr'>ὑπερβάλλων</span> <span class='ocrx_word' id='word_1_9' title='bbox 927 137 945 200; x_wconf 82' lang='grc' dir='ltr'>ὅ</span> 
     </span>
     <span class='ocr_line' id='line_1_3' title="bbox 139 221 943 305; baseline 0.005 -23"><span class='ocrx_word' id='word_1_10' title='bbox 139 221 346 305; x_wconf 68' lang='grc' dir='ltr'>Ἀρισταγόρης</span> <span class='ocrx_word' id='word_1_11' title='bbox 366 230 393 289; x_wconf 85' lang='grc' dir='ltr'>ές</span> <span class='ocrx_word' id='word_1_12' title='bbox 413 223 446 285; x_wconf 81' lang='grc' dir='ltr'>οὗ</span> <span class='ocrx_word' id='word_1_13' title='bbox 465 225 638 302; x_wconf 89' lang='grc' dir='ltr'>πεντήκοντά</span> <span class='ocrx_word' id='word_1_14' title='bbox 656 253 688 288; x_wconf 91' lang='grc' dir='ltr'>τε</span> <span class='ocrx_word' id='word_1_15' title='bbox 708 226 834 287; x_wconf 90' lang='grc' dir='ltr'>τάλαντα</span> <span class='ocrx_word' id='word_1_16' title='bbox 846 225 943 286; x_wconf 82' lang='grc' dir='ltr'>ύποδέ-</span> 
     </span>
     <span class='ocr_line' id='line_1_4' title="bbox 142 311 943 392; baseline 0.004 -22"><span class='ocrx_word' id='word_1_17' title='bbox 142 311 232 381; x_wconf 87' lang='grc' dir='ltr'>δέκτο,</span> <span class='ocrx_word' id='word_1_18' title='bbox 246 313 293 371; x_wconf 87' lang='grc' dir='ltr'>καὶ</span> <span class='ocrx_word' id='word_1_19' title='bbox 306 312 339 373; x_wconf 80' lang='grc' dir='ltr'>τά</span> <span class='ocrx_word' id='word_1_20' title='bbox 353 313 463 374; x_wconf 80' lang='grc' dir='ltr'>παιδίον</span> <span class='ocrx_word' id='word_1_21' title='bbox 477 313 628 390; x_wconf 75' lang='grc' dir='ltr'>ηὐδάξατο.</span> <span class='ocrx_word' id='word_1_22' title='bbox 648 325 666 350; x_wconf 91' lang='grc'><strong>“</strong></span> <span class='ocrx_word' id='word_1_23' title='bbox 674 313 770 392; x_wconf 88' lang='grc' dir='ltr'>πάτερ,</span> <span class='ocrx_word' id='word_1_24' title='bbox 785 314 943 391; x_wconf 75' lang='grc' dir='ltr'>διαφθερέει</span> 
     </span>
     <span class='ocr_line' id='line_1_5' title="bbox 141 397 942 482; baseline 0.004 -24"><span class='ocrx_word' id='word_1_25' title='bbox 141 425 177 458; x_wconf 93' lang='grc' dir='ltr'>σε</span> <span class='ocrx_word' id='word_1_26' title='bbox 191 397 208 459; x_wconf 81' lang='grc' dir='ltr'>ὁ</span> <span class='ocrx_word' id='word_1_27' title='bbox 222 399 318 470; x_wconf 81' lang='grc' dir='ltr'>ξεῖνος,</span> <span class='ocrx_word' id='word_1_28' title='bbox 332 398 366 476; x_wconf 80' lang='grc' dir='ltr'>ἦν</span> <span class='ocrx_word' id='word_1_29' title='bbox 379 401 419 478; x_wconf 83' lang='grc' dir='ltr'>μή</span> <span class='ocrx_word' id='word_1_30' title='bbox 434 401 562 466; x_wconf 80' lang='grc' dir='ltr'>ἀποστάς</span> <span class='ocrx_word' id='word_1_31' title='bbox 581 401 649 482; x_wconf 80' lang='grc' dir='ltr'>ίης.”</span> <span class='ocrx_word' id='word_1_32' title='bbox 689 401 749 463; x_wconf 84' lang='grc' dir='ltr'>ὅτε</span> <span class='ocrx_word' id='word_1_33' title='bbox 763 402 798 478; x_wconf 82' lang='grc' dir='ltr'>δή</span> <span class='ocrx_word' id='word_1_34' title='bbox 815 404 942 479; x_wconf 87' lang='grc' dir='ltr'>Κλεομέ-</span> 
     </span>
     <span class='ocr_line' id='line_1_6' title="bbox 140 486 943 569; baseline 0.009 -24"><span class='ocrx_word' id='word_1_35' title='bbox 140 512 197 562; x_wconf 89' lang='grc' dir='ltr'>νης,</span> <span class='ocrx_word' id='word_1_36' title='bbox 212 486 310 563; x_wconf 82' lang='grc' dir='ltr'>ήσθεὶς</span> <span class='ocrx_word' id='word_1_37' title='bbox 327 492 377 548; x_wconf 82' lang='grc' dir='ltr'>τοῦ</span> <span class='ocrx_word' id='word_1_38' title='bbox 390 489 501 548; x_wconf 89' lang='grc' dir='ltr'>παιδίου</span> <span class='ocrx_word' id='word_1_39' title='bbox 514 495 551 569; x_wconf 75' lang='grc' dir='ltr'>τῇ</span> <span class='ocrx_word' id='word_1_40' title='bbox 563 491 726 567; x_wconf 75' lang='grc' dir='ltr'>παραινέσει</span> <span class='ocrx_word' id='word_1_41' title='bbox 743 489 787 568; x_wconf 86' lang='grc' dir='ltr'>ήῖε</span> <span class='ocrx_word' id='word_1_42' title='bbox 807 496 834 557; x_wconf 83' lang='grc' dir='ltr'>ές</span> <span class='ocrx_word' id='word_1_43' title='bbox 850 491 943 569; x_wconf 79' lang='grc' dir='ltr'>ἕτερον</span> 
     </span>
     <span class='ocr_line' id='line_1_7' title="bbox 141 575 943 659; baseline 0.007 -27"><span class='ocrx_word' id='word_1_44' title='bbox 141 575 252 651; x_wconf 84' lang='grc' dir='ltr'>οἴκημα,</span> <span class='ocrx_word' id='word_1_45' title='bbox 267 577 314 648; x_wconf 82' lang='grc' dir='ltr'>καὶ</span> <span class='ocrx_word' id='word_1_46' title='bbox 327 575 347 636; x_wconf 75' lang='grc' dir='ltr'>ὁ,</span> <span class='ocrx_word' id='word_1_47' title='bbox 358 576 564 659; x_wconf 82' lang='grc' dir='ltr'>Ἀρισταγόρης</span> <span class='ocrx_word' id='word_1_48' title='bbox 582 578 789 639; x_wconf 75' lang='grc' dir='ltr'>ἀπαλλάσσετο</span> <span class='ocrx_word' id='word_1_49' title='bbox 805 578 838 639; x_wconf 81' lang='grc' dir='ltr'>τά</span> <span class='ocrx_word' id='word_1_50' title='bbox 854 578 943 656; x_wconf 89' lang='grc' dir='ltr'>παρά-</span> 
     </span>
     <span class='ocr_line' id='line_1_8' title="bbox 140 665 942 750; baseline 0.01 -30"><span class='ocrx_word' id='word_1_51' title='bbox 140 688 198 723; x_wconf 92' lang='grc' dir='ltr'>παν</span> <span class='ocrx_word' id='word_1_52' title='bbox 219 669 249 724; x_wconf 89' lang='grc' dir='ltr'>ε’κ</span> <span class='ocrx_word' id='word_1_53' title='bbox 268 669 319 740; x_wconf 77' lang='grc' dir='ltr'>τῆς</span> <span class='ocrx_word' id='word_1_54' title='bbox 346 665 485 742; x_wconf 67' lang='grc' dir='ltr'>Σατάρτης·</span> <span class='ocrx_word' id='word_1_55' title='bbox 512 667 576 726; x_wconf 85' lang='grc' dir='ltr'>ούδέ</span> <span class='ocrx_word' id='word_1_56' title='bbox 595 669 622 726; x_wconf 85' lang='grc' dir='ltr'>οἶ</span> <span class='ocrx_word' id='word_1_57' title='bbox 642 667 781 750; x_wconf 79' lang='grc' dir='ltr'>ἐξεγένετο</span> <span class='ocrx_word' id='word_1_58' title='bbox 809 666 942 728; x_wconf 86' lang='grc' dir='ltr'>ε’πιπλέον</span> 
     </span>
     <span class='ocr_line' id='line_1_9' title="bbox 141 751 873 832; baseline 0.008 -23"><span class='ocrx_word' id='word_1_59' title='bbox 141 751 182 810; x_wconf 79' lang='grc' dir='ltr'>ἔτι</span> <span class='ocrx_word' id='word_1_60' title='bbox 195 755 321 831; x_wconf 81' lang='grc' dir='ltr'>σημῇναι</span> <span class='ocrx_word' id='word_1_61' title='bbox 333 754 397 830; x_wconf 86' lang='grc' dir='ltr'>περὶ</span> <span class='ocrx_word' id='word_1_62' title='bbox 409 758 459 829; x_wconf 73' lang='grc' dir='ltr'>τῆς</span> <span class='ocrx_word' id='word_1_63' title='bbox 473 754 571 832; x_wconf 77' lang='grc' dir='ltr'>ἀνόδου</span> <span class='ocrx_word' id='word_1_64' title='bbox 584 760 634 831; x_wconf 83' lang='grc' dir='ltr'>τῆς</span> <span class='ocrx_word' id='word_1_65' title='bbox 647 756 724 832; x_wconf 83' lang='grc' dir='ltr'>παραὶ</span> <span class='ocrx_word' id='word_1_66' title='bbox 736 754 873 832; x_wconf 85' lang='grc' dir='ltr'>βασιλέα.</span> 
     </span>
     <span class='ocr_line' id='line_1_10' title="bbox 177 837 990 922; baseline 0.006 -25"><span class='ocrx_word' id='word_1_67' title='bbox 177 837 261 918; x_wconf 82' lang='grc' dir='ltr'>Ἔχει</span> <span class='ocrx_word' id='word_1_68' title='bbox 280 839 335 920; x_wconf 84' lang='grc' dir='ltr'>γάρ</span> <span class='ocrx_word' id='word_1_69' title='bbox 355 839 430 915; x_wconf 78' lang='grc' dir='ltr'>άμφὶ</span> <span class='ocrx_word' id='word_1_70' title='bbox 449 843 485 918; x_wconf 82' lang='grc' dir='ltr'>τῇ</span> <span class='ocrx_word' id='word_1_71' title='bbox 506 841 560 921; x_wconf 79' lang='grc' dir='ltr'>ὁδῷ</span> <span class='ocrx_word' id='word_1_72' title='bbox 578 842 665 922; x_wconf 78' lang='grc' dir='ltr'>ταύτῃ</span> <span class='ocrx_word' id='word_1_73' title='bbox 681 841 742 906; x_wconf 81' lang='grc' dir='ltr'>ὧδε·</span> <span class='ocrx_word' id='word_1_74' title='bbox 769 844 896 920; x_wconf 88' lang='grc' dir='ltr'>σταθμοί</span> <span class='ocrx_word' id='word_1_75' title='bbox 911 845 990 903; x_wconf 78' lang='grc' dir='ltr'>τε52</span> 
     </span>
     <span class='ocr_line' id='line_1_11' title="bbox 141 927 941 1004; baseline 0.009 -22"><span class='ocrx_word' id='word_1_76' title='bbox 141 929 274 1004; x_wconf 81' lang='grc' dir='ltr'>πανταχῆ</span> <span class='ocrx_word' id='word_1_77' title='bbox 288 929 344 984; x_wconf 89' lang='grc' dir='ltr'>εἶσι</span> <span class='ocrx_word' id='word_1_78' title='bbox 360 927 518 1001; x_wconf 85' lang='grc' dir='ltr'>βασιλήῖοι,</span> <span class='ocrx_word' id='word_1_79' title='bbox 533 929 579 986; x_wconf 87' lang='grc' dir='ltr'>καὶ</span> <span class='ocrx_word' id='word_1_80' title='bbox 596 929 763 993; x_wconf 80' lang='grc' dir='ltr'>καταλύσιες</span> <span class='ocrx_word' id='word_1_81' title='bbox 779 930 941 1000; x_wconf 78' lang='grc' dir='ltr'>κάλλισται,</span> 
     </span>
     <span class='ocr_line' id='line_1_12' title="bbox 142 1012 944 1092; baseline 0.006 -21"><span class='ocrx_word' id='word_1_82' title='bbox 142 1012 189 1072; x_wconf 79' lang='grc' dir='ltr'>διά</span> <span class='ocrx_word' id='word_1_83' title='bbox 204 1012 363 1089; x_wconf 80' lang='grc' dir='ltr'>οἰκεομένης</span> <span class='ocrx_word' id='word_1_84' title='bbox 375 1012 434 1090; x_wconf 86' lang='grc' dir='ltr'>τεή</span> <span class='ocrx_word' id='word_1_85' title='bbox 448 1013 512 1077; x_wconf 83' lang='grc' dir='ltr'>ὀδὸς</span> <span class='ocrx_word' id='word_1_86' title='bbox 528 1013 628 1074; x_wconf 80' lang='grc' dir='ltr'>ἅπασα</span> <span class='ocrx_word' id='word_1_87' title='bbox 641 1016 687 1076; x_wconf 86' lang='grc' dir='ltr'>καὶ</span> <span class='ocrx_word' id='word_1_88' title='bbox 700 1015 858 1092; x_wconf 88' lang='grc' dir='ltr'>α’σφαλέος.</span> <span class='ocrx_word' id='word_1_89' title='bbox 899 1016 944 1076; x_wconf 86' lang='grc' dir='ltr'>διά</span> 
     </span>
     <span class='ocr_line' id='line_1_13' title="bbox 140 1099 946 1184; baseline 0.001 -23"><span class='ocrx_word' id='word_1_90' title='bbox 140 1099 195 1177; x_wconf 88' lang='grc' dir='ltr'>μέν</span> <span class='ocrx_word' id='word_1_91' title='bbox 208 1127 242 1182; x_wconf 89' lang='grc' dir='ltr'>γε</span> <span class='ocrx_word' id='word_1_92' title='bbox 255 1099 359 1177; x_wconf 78' lang='grc' dir='ltr'>Λυδίης</span> <span class='ocrx_word' id='word_1_93' title='bbox 371 1101 417 1160; x_wconf 86' lang='grc' dir='ltr'>καὶ</span> <span class='ocrx_word' id='word_1_94' title='bbox 430 1102 553 1184; x_wconf 78' lang='grc' dir='ltr'>Φρυγίης</span> <span class='ocrx_word' id='word_1_95' title='bbox 571 1104 695 1181; x_wconf 85' lang='grc' dir='ltr'>σταθμοὶ</span> <span class='ocrx_word' id='word_1_96' title='bbox 707 1105 841 1167; x_wconf 82' lang='grc' dir='ltr'>τείνοντες</span> <span class='ocrx_word' id='word_1_97' title='bbox 854 1104 946 1164; x_wconf 76' lang='grc' dir='ltr'>εἴκοσι’</span> 
     </span>
     <span class='ocr_line' id='line_1_14' title="bbox 143 1188 944 1271; baseline 0.005 -25"><span class='ocrx_word' id='word_1_98' title='bbox 143 1191 208 1258; x_wconf 84' lang='grc' dir='ltr'>εἶσι,</span> <span class='ocrx_word' id='word_1_99' title='bbox 229 1188 411 1271; x_wconf 79' lang='grc' dir='ltr'>παρασάγγαι</span> <span class='ocrx_word' id='word_1_100' title='bbox 431 1189 461 1250; x_wconf 77' lang='grc' dir='ltr'>δὲ</span> <span class='ocrx_word' id='word_1_101' title='bbox 480 1190 614 1269; x_wconf 85' lang='grc' dir='ltr'>τέσσερες</span> <span class='ocrx_word' id='word_1_102' title='bbox 634 1192 680 1254; x_wconf 89' lang='grc' dir='ltr'>καὶ</span> <span class='ocrx_word' id='word_1_103' title='bbox 700 1191 878 1268; x_wconf 78' lang='grc' dir='ltr'>ἐννενήκοντα</span> <span class='ocrx_word' id='word_1_104' title='bbox 898 1194 944 1251; x_wconf 89' lang='grc' dir='ltr'>καὶ</span> 
     </span>
     <span class='ocr_line' id='line_1_15' title="bbox 141 1276 942 1362; baseline 0.004 -25"><span class='ocrx_word' id='word_1_105' title='bbox 141 1276 241 1355; x_wconf 80' lang='grc' dir='ltr'>ἥμισυ.</span> <span class='ocrx_word' id='word_1_106' title='bbox 282 1277 419 1338; x_wconf 90' lang='grc' dir='ltr'>ε’κδέκεται</span> <span class='ocrx_word' id='word_1_107' title='bbox 440 1278 463 1338; x_wconf 87' lang='grc' dir='ltr'>δ’</span> <span class='ocrx_word' id='word_1_108' title='bbox 480 1283 511 1338; x_wconf 80' lang='grc' dir='ltr'>ἐκ</span> <span class='ocrx_word' id='word_1_109' title='bbox 525 1283 576 1357; x_wconf 81' lang='grc' dir='ltr'>τής</span> <span class='ocrx_word' id='word_1_110' title='bbox 591 1280 714 1362; x_wconf 89' lang='grc' dir='ltr'>Φρυγίης</span> <span class='ocrx_word' id='word_1_111' title='bbox 729 1279 745 1341; x_wconf 82' lang='grc' dir='ltr'>ὁ</span> <span class='ocrx_word' id='word_1_112' title='bbox 764 1279 879 1344; x_wconf 80' lang='grc' dir='ltr'>“Ἀλυς</span> <span class='ocrx_word' id='word_1_113' title='bbox 893 1307 942 1340; x_wconf 91' lang='grc' dir='ltr'>πο·</span> 
     </span>
     <span class='ocr_line' id='line_1_16' title="bbox 141 1363 943 1446; baseline 0.002 -20"><span class='ocrx_word' id='word_1_114' title='bbox 141 1365 239 1443; x_wconf 84' lang='grc' dir='ltr'>ταμάς·</span> <span class='ocrx_word' id='word_1_115' title='bbox 260 1365 303 1426; x_wconf 75' lang='grc' dir='ltr'>ἐπ’</span> <span class='ocrx_word' id='word_1_116' title='bbox 319 1363 340 1446; x_wconf 81' lang='grc' dir='ltr'>ᾧ</span> <span class='ocrx_word' id='word_1_117' title='bbox 357 1366 445 1426; x_wconf 85' lang='grc' dir='ltr'>πύλαι</span> <span class='ocrx_word' id='word_1_118' title='bbox 459 1394 490 1427; x_wconf 94' lang='grc' dir='ltr'>τε</span> <span class='ocrx_word' id='word_1_119' title='bbox 507 1369 606 1439; x_wconf 85' lang='grc' dir='ltr'>ἔπεισι,</span> <span class='ocrx_word' id='word_1_120' title='bbox 621 1368 672 1432; x_wconf 83' lang='grc' dir='ltr'>τάς</span> <span class='ocrx_word' id='word_1_121' title='bbox 689 1367 850 1444; x_wconf 77' lang='grc' dir='ltr'>διεξελάσαι</span> <span class='ocrx_word' id='word_1_122' title='bbox 862 1373 943 1430; x_wconf 82' lang='grc' dir='ltr'>πάσα</span> 
     </span>
     <span class='ocr_line' id='line_1_17' title="bbox 142 1453 943 1537; baseline 0.001 -22"><span class='ocrx_word' id='word_1_123' title='bbox 142 1453 249 1537; x_wconf 76' lang='grc' dir='ltr'>ἀνάγκη</span> <span class='ocrx_word' id='word_1_124' title='bbox 263 1456 309 1514; x_wconf 87' lang='grc' dir='ltr'>καὶ</span> <span class='ocrx_word' id='word_1_125' title='bbox 322 1453 392 1516; x_wconf 78' lang='grc' dir='ltr'>οὕτω</span> <span class='ocrx_word' id='word_1_126' title='bbox 403 1456 549 1534; x_wconf 80' lang='grc' dir='ltr'>διεκπερᾶν</span> <span class='ocrx_word' id='word_1_127' title='bbox 561 1456 611 1518; x_wconf 86' lang='grc' dir='ltr'>τδν</span> <span class='ocrx_word' id='word_1_128' title='bbox 624 1457 760 1536; x_wconf 80' lang='grc' dir='ltr'>ποταμδν,</span> <span class='ocrx_word' id='word_1_129' title='bbox 775 1458 821 1517; x_wconf 88' lang='grc' dir='ltr'>καὶ</span> <span class='ocrx_word' id='word_1_130' title='bbox 835 1461 943 1534; x_wconf 90' lang='grc' dir='ltr'>φυλακ-</span> 
     </span>
     <span class='ocr_line' id='line_1_18' title="bbox 140 1541 943 1624; baseline 0.005 -23"><span class='ocrx_word' id='word_1_131' title='bbox 140 1543 238 1620; x_wconf 89' lang='grc' dir='ltr'>τήριον</span> <span class='ocrx_word' id='word_1_132' title='bbox 249 1542 324 1624; x_wconf 86' lang='grc' dir='ltr'>μέγα</span> <span class='ocrx_word' id='word_1_133' title='bbox 343 1541 385 1602; x_wconf 80' lang='grc' dir='ltr'>ἐπ’</span> <span class='ocrx_word' id='word_1_134' title='bbox 398 1543 480 1623; x_wconf 77' lang='grc' dir='ltr'>αὐτῷ.</span> <span class='ocrx_word' id='word_1_135' title='bbox 522 1544 653 1622; x_wconf 86' lang='grc' dir='ltr'>διαβάντι</span> <span class='ocrx_word' id='word_1_136' title='bbox 670 1545 699 1606; x_wconf 82' lang='grc' dir='ltr'>δὲ</span> <span class='ocrx_word' id='word_1_137' title='bbox 713 1551 741 1610; x_wconf 86' lang='grc' dir='ltr'>ές</span> <span class='ocrx_word' id='word_1_138' title='bbox 753 1545 805 1623; x_wconf 85' lang='grc' dir='ltr'>τήν</span> <span class='ocrx_word' id='word_1_139' title='bbox 821 1551 943 1606; x_wconf 87' lang='grc' dir='ltr'>Καππα-</span> 
     </span>
     <span class='ocr_line' id='line_1_19' title="bbox 120 1629 944 1714; baseline 0.005 -24"><span class='ocrx_word' id='word_1_140' title='bbox 120 1631 237 1708; x_wconf 82' lang='grc' dir='ltr'>Ιδοκίην</span> <span class='ocrx_word' id='word_1_141' title='bbox 270 1631 316 1691; x_wconf 84' lang='grc' dir='ltr'>καὶ</span> <span class='ocrx_word' id='word_1_142' title='bbox 345 1629 433 1711; x_wconf 86' lang='grc' dir='ltr'>ταύτῃ</span> <span class='ocrx_word' id='word_1_143' title='bbox 459 1631 635 1713; x_wconf 83' lang='grc' dir='ltr'>πορευομένῳ</span> <span class='ocrx_word' id='word_1_144' title='bbox 661 1633 746 1714; x_wconf 82' lang='grc' dir='ltr'>μέχρι</span> <span class='ocrx_word' id='word_1_145' title='bbox 772 1633 859 1712; x_wconf 80' lang='grc' dir='ltr'>οὔρων</span> <span class='ocrx_word' id='word_1_146' title='bbox 888 1637 944 1694; x_wconf 78' lang='grc' dir='ltr'>τῶν</span> 
     </span>
     <span class='ocr_line' id='line_1_20' title="bbox 142 1719 942 1799; baseline 0.004 -22"><span class='ocrx_word' id='word_1_147' title='bbox 142 1720 284 1791; x_wconf 86' lang='grc' dir='ltr'>Κιλικίων,</span> <span class='ocrx_word' id='word_1_148' title='bbox 311 1719 435 1796; x_wconf 82' lang='grc' dir='ltr'>σταθμοὶ</span> <span class='ocrx_word' id='word_1_149' title='bbox 464 1721 535 1780; x_wconf 81' lang='grc' dir='ltr'>δυῶν</span> <span class='ocrx_word' id='word_1_150' title='bbox 564 1720 673 1786; x_wconf 88' lang='grc' dir='ltr'>δέοντές</span> <span class='ocrx_word' id='word_1_151' title='bbox 703 1725 759 1782; x_wconf 85' lang='grc' dir='ltr'>εἶσι</span> <span class='ocrx_word' id='word_1_152' title='bbox 784 1721 942 1799; x_wconf 81' lang='grc' dir='ltr'>τριήκοντα,</span> 
     </span>
     <span class='ocr_line' id='line_1_21' title="bbox 140 1806 944 1889; baseline 0.004 -24"><span class='ocrx_word' id='word_1_153' title='bbox 140 1807 323 1889; x_wconf 90' lang='grc' dir='ltr'>παρασάγγαι</span> <span class='ocrx_word' id='word_1_154' title='bbox 343 1807 372 1866; x_wconf 79' lang='grc' dir='ltr'>δὲ</span> <span class='ocrx_word' id='word_1_155' title='bbox 392 1806 527 1884; x_wconf 87' lang='grc' dir='ltr'>τέσσερες</span> <span class='ocrx_word' id='word_1_156' title='bbox 547 1807 593 1867; x_wconf 85' lang='grc' dir='ltr'>καὶ</span> <span class='ocrx_word' id='word_1_157' title='bbox 615 1808 723 1870; x_wconf 81' lang='grc' dir='ltr'>ἑκατόν·</span> <span class='ocrx_word' id='word_1_158' title='bbox 748 1810 794 1868; x_wconf 81' lang='grc' dir='ltr'>ἐπὶ</span> <span class='ocrx_word' id='word_1_159' title='bbox 817 1809 848 1868; x_wconf 78' lang='grc' dir='ltr'>δὲ</span> <span class='ocrx_word' id='word_1_160' title='bbox 867 1813 944 1868; x_wconf 81' lang='grc' dir='ltr'>τοῖσι</span> 
     </span>
     <span class='ocr_line' id='line_1_22' title="bbox 140 1894 943 1975; baseline 0 -19"><span class='ocrx_word' id='word_1_161' title='bbox 140 1895 245 1956; x_wconf 87' lang='grc' dir='ltr'>τούτων</span> <span class='ocrx_word' id='word_1_162' title='bbox 264 1895 373 1972; x_wconf 78' lang='grc' dir='ltr'>οὔροισι</span> <span class='ocrx_word' id='word_1_163' title='bbox 394 1894 471 1962; x_wconf 83' lang='grc' dir='ltr'>διξάς</span> <span class='ocrx_word' id='word_1_164' title='bbox 489 1921 521 1954; x_wconf 89' lang='grc' dir='ltr'>τε</span> <span class='ocrx_word' id='word_1_165' title='bbox 540 1895 633 1967; x_wconf 81' lang='grc' dir='ltr'>πύλας</span> <span class='ocrx_word' id='word_1_166' title='bbox 654 1896 786 1975; x_wconf 74' lang='grc' dir='ltr'>διεξελᾷς,</span> <span class='ocrx_word' id='word_1_167' title='bbox 808 1897 854 1954; x_wconf 86' lang='grc' dir='ltr'>καὶ</span> <span class='ocrx_word' id='word_1_168' title='bbox 880 1896 943 1966; x_wconf 81' lang='grc' dir='ltr'>διξά</span> 
     </span>
     <span class='ocr_line' id='line_1_23' title="bbox 141 1982 974 2060; baseline 0.002 -18"><span class='ocrx_word' id='word_1_169' title='bbox 141 1982 320 2060; x_wconf 80' lang='grc' dir='ltr'>φυλακτήρια</span> <span class='ocrx_word' id='word_1_170' title='bbox 347 1983 546 2059; x_wconf 85' lang='grc' dir='ltr'>παραμείψεαι.</span> <span class='ocrx_word' id='word_1_171' title='bbox 586 1986 675 2042; x_wconf 80' lang='grc' dir='ltr'>ταῦτα</span> <span class='ocrx_word' id='word_1_172' title='bbox 699 1984 728 2042; x_wconf 75' lang='grc' dir='ltr'>δὲ</span> <span class='ocrx_word' id='word_1_173' title='bbox 751 1982 944 2052; x_wconf 84' lang='grc' dir='ltr'>διεξελάσαντι</span> <span class='ocrx_word' id='word_1_174' title='bbox 971 1985 974 1994; x_wconf 75' lang='grc'><strong><em>’</em></strong></span> 
     </span>
     <span class='ocr_line' id='line_1_24' title="bbox 141 2067 945 2151; baseline 0.005 -23"><span class='ocrx_word' id='word_1_175' title='bbox 141 2071 189 2128; x_wconf 86' lang='grc' dir='ltr'>καὶ</span> <span class='ocrx_word' id='word_1_176' title='bbox 216 2068 262 2128; x_wconf 78' lang='grc' dir='ltr'>διά</span> <span class='ocrx_word' id='word_1_177' title='bbox 289 2073 339 2144; x_wconf 79' lang='grc' dir='ltr'>τῆς</span> <span class='ocrx_word' id='word_1_178' title='bbox 366 2069 497 2145; x_wconf 86' lang='grc' dir='ltr'>Κιλικίης</span> <span class='ocrx_word' id='word_1_179' title='bbox 520 2068 586 2129; x_wconf 83' lang='grc' dir='ltr'>ὄδὸν</span> <span class='ocrx_word' id='word_1_180' title='bbox 611 2067 764 2151; x_wconf 79' lang='grc' dir='ltr'>ποιευμένῳ</span> <span class='ocrx_word' id='word_1_181' title='bbox 789 2073 863 2147; x_wconf 85' lang='grc' dir='ltr'>τρεῖς</span> <span class='ocrx_word' id='word_1_182' title='bbox 890 2074 945 2132; x_wconf 85' lang='grc' dir='ltr'>εἶσι</span> 
     </span>
     <span class='ocr_line' id='line_1_25' title="bbox 141 2154 943 2238; baseline 0.005 -22"><span class='ocrx_word' id='word_1_183' title='bbox 141 2157 273 2234; x_wconf 81' lang='grc' dir='ltr'>σταθμοὶ,</span> <span class='ocrx_word' id='word_1_184' title='bbox 295 2154 479 2238; x_wconf 87' lang='grc' dir='ltr'>παρασάγγαι</span> <span class='ocrx_word' id='word_1_185' title='bbox 503 2156 533 2216; x_wconf 83' lang='grc' dir='ltr'>δὲ</span> <span class='ocrx_word' id='word_1_186' title='bbox 556 2157 752 2222; x_wconf 89' lang='grc' dir='ltr'>πεντεκαίδεκα</span> <span class='ocrx_word' id='word_1_187' title='bbox 772 2158 819 2218; x_wconf 88' lang='grc' dir='ltr'>καὶ</span> <span class='ocrx_word' id='word_1_188' title='bbox 844 2157 943 2236; x_wconf 81' lang='grc' dir='ltr'>ἥμισυ.</span> 
     </span>
     <span class='ocr_line' id='line_1_26' title="bbox 141 2244 943 2326; baseline 0.007 -20"><span class='ocrx_word' id='word_1_189' title='bbox 141 2244 222 2324; x_wconf 78' lang='grc' dir='ltr'>οὖρος</span> <span class='ocrx_word' id='word_1_190' title='bbox 241 2245 271 2304; x_wconf 83' lang='grc' dir='ltr'>δὲ</span> <span class='ocrx_word' id='word_1_191' title='bbox 292 2245 422 2322; x_wconf 81' lang='grc' dir='ltr'>Κιλικίης</span> <span class='ocrx_word' id='word_1_192' title='bbox 440 2244 486 2304; x_wconf 85' lang='grc' dir='ltr'>καὶ</span> <span class='ocrx_word' id='word_1_193' title='bbox 501 2249 552 2322; x_wconf 81' lang='grc' dir='ltr'>τῆς</span> <span class='ocrx_word' id='word_1_194' title='bbox 566 2244 713 2324; x_wconf 87' lang='grc' dir='ltr'>Ἀρμενίης</span> <span class='ocrx_word' id='word_1_195' title='bbox 729 2247 791 2308; x_wconf 84' lang='grc' dir='ltr'>ε’στὶ</span> <span class='ocrx_word' id='word_1_196' title='bbox 808 2248 943 2326; x_wconf 81' lang='grc' dir='ltr'>πσταμάς,</span> 
     </span>
     <span class='ocr_line' id='line_1_27' title="bbox 140 2332 943 2416; baseline 0.004 -22"><span class='ocrx_word' id='word_1_197' title='bbox 140 2333 350 2413; x_wconf 89' lang='grc' dir='ltr'>νηυσιπέρητος,</span> <span class='ocrx_word' id='word_1_198' title='bbox 364 2339 402 2414; x_wconf 75' lang='grc' dir='ltr'>τῷ</span> <span class='ocrx_word' id='word_1_199' title='bbox 424 2332 530 2412; x_wconf 77' lang='grc' dir='ltr'>οὕνομα</span> <span class='ocrx_word' id='word_1_200' title='bbox 549 2334 712 2412; x_wconf 74' lang='grc' dir='ltr'>Εὐφρήτης·</span> <span class='ocrx_word' id='word_1_201' title='bbox 737 2340 767 2397; x_wconf 81' lang='grc' dir='ltr'>έν</span> <span class='ocrx_word' id='word_1_202' title='bbox 783 2336 813 2396; x_wconf 77' lang='grc' dir='ltr'>δὲ</span> <span class='ocrx_word' id='word_1_203' title='bbox 828 2340 864 2416; x_wconf 76' lang='grc' dir='ltr'>τῇ</span> <span class='ocrx_word' id='word_1_204' title='bbox 879 2335 943 2415; x_wconf 82' lang='grc' dir='ltr'>Ἀρ·</span> 
     </span>
     <span class='ocr_line' id='line_1_28' title="bbox 138 2423 942 2504; baseline 0 -20"><span class='ocrx_word' id='word_1_205' title='bbox 138 2425 220 2503; x_wconf 83' lang='grc' dir='ltr'>μενίη</span> <span class='ocrx_word' id='word_1_206' title='bbox 241 2423 364 2501; x_wconf 84' lang='grc' dir='ltr'>σταθμοὶ</span> <span class='ocrx_word' id='word_1_207' title='bbox 385 2423 437 2500; x_wconf 89' lang='grc' dir='ltr'>μέν</span> <span class='ocrx_word' id='word_1_208' title='bbox 461 2427 517 2482; x_wconf 82' lang='grc' dir='ltr'>εἰσι</span> <span class='ocrx_word' id='word_1_209' title='bbox 538 2424 719 2504; x_wconf 88' lang='grc' dir='ltr'>καταγωγέων</span> <span class='ocrx_word' id='word_1_210' title='bbox 739 2424 942 2496; x_wconf 86' lang='grc' dir='ltr'>πεντεκαίδεκα,</span> 
     </span>
     <span class='ocr_line' id='line_1_29' title="bbox 139 2510 943 2594; baseline 0.002 -24"><span class='ocrx_word' id='word_1_211' title='bbox 139 2512 323 2594; x_wconf 89' lang='grc' dir='ltr'>παρασάγγαι</span> <span class='ocrx_word' id='word_1_212' title='bbox 343 2510 373 2570; x_wconf 77' lang='grc' dir='ltr'>δὲ</span> <span class='ocrx_word' id='word_1_213' title='bbox 394 2510 425 2580; x_wconf 79' lang='grc' dir='ltr'>ἓξ</span> <span class='ocrx_word' id='word_1_214' title='bbox 445 2511 490 2570; x_wconf 87' lang='grc' dir='ltr'>καὶ</span> <span class='ocrx_word' id='word_1_215' title='bbox 510 2510 682 2588; x_wconf 87' lang='grc' dir='ltr'>πεντήκοντα</span> <span class='ocrx_word' id='word_1_216' title='bbox 704 2512 750 2571; x_wconf 85' lang='grc' dir='ltr'>καὶ</span> <span class='ocrx_word' id='word_1_217' title='bbox 769 2511 868 2589; x_wconf 85' lang='grc' dir='ltr'>ήμισυ·</span> <span class='ocrx_word' id='word_1_218' title='bbox 897 2514 943 2572; x_wconf 88' lang='grc' dir='ltr'>καὶ</span> 
     </span>
     <span class='ocr_line' id='line_1_30' title="bbox 140 2598 944 2679; baseline -0.001 -19"><span class='ocrx_word' id='word_1_219' title='bbox 140 2600 331 2679; x_wconf 89' lang='grc' dir='ltr'>φυλακτήριον</span> <span class='ocrx_word' id='word_1_220' title='bbox 352 2603 381 2659; x_wconf 86' lang='grc' dir='ltr'>έν</span> <span class='ocrx_word' id='word_1_221' title='bbox 405 2598 525 2658; x_wconf 85' lang='grc' dir='ltr'>αύτοῖσι·</span> <span class='ocrx_word' id='word_1_222' title='bbox 552 2599 675 2678; x_wconf 88' lang='grc' dir='ltr'>ποταμοὶ</span> <span class='ocrx_word' id='word_1_223' title='bbox 696 2599 726 2659; x_wconf 78' lang='grc' dir='ltr'>δὲ</span> <span class='ocrx_word' id='word_1_224' title='bbox 745 2599 944 2677; x_wconf 88' lang='grc' dir='ltr'>νηυσιπέρητοι</span> 
     </span>
     <span class='ocr_line' id='line_1_31' title="bbox 139 2685 1013 2770; baseline -0.001 -22"><span class='ocrx_word' id='word_1_225' title='bbox 139 2689 272 2766; x_wconf 87' lang='grc' dir='ltr'>τέσσερες</span> <span class='ocrx_word' id='word_1_226' title='bbox 299 2687 345 2747; x_wconf 82' lang='grc' dir='ltr'>διά</span> <span class='ocrx_word' id='word_1_227' title='bbox 372 2686 474 2764; x_wconf 80' lang='grc' dir='ltr'>ταύτης</span> <span class='ocrx_word' id='word_1_228' title='bbox 501 2688 606 2766; x_wconf 84' lang='grc' dir='ltr'>ῥέουσι,</span> <span class='ocrx_word' id='word_1_229' title='bbox 632 2685 698 2751; x_wconf 82' lang='grc' dir='ltr'>τούς</span> <span class='ocrx_word' id='word_1_230' title='bbox 724 2692 805 2748; x_wconf 79' lang='grc' dir='ltr'>πάσα</span> <span class='ocrx_word' id='word_1_231' title='bbox 835 2686 942 2770; x_wconf 85' lang='grc' dir='ltr'>α’νάγκη</span> <span class='ocrx_word' id='word_1_232' title='bbox 1011 2756 1013 2760; x_wconf 36' lang='grc'><em>,</em></span> 
     </span>
     <span class='ocr_line' id='line_1_32' title="bbox 140 2774 940 2857; baseline 0.003 -24"><span class='ocrx_word' id='word_1_233' title='bbox 140 2774 365 2853; x_wconf 84' lang='grc' dir='ltr'>διαπορθμεῦσαί</span> <span class='ocrx_word' id='word_1_234' title='bbox 383 2779 454 2834; x_wconf 82' lang='grc' dir='ltr'>ἔστι·</span> <span class='ocrx_word' id='word_1_235' title='bbox 480 2779 589 2853; x_wconf 76' lang='grc' dir='ltr'>πρῶτος</span> <span class='ocrx_word' id='word_1_236' title='bbox 608 2776 661 2854; x_wconf 77' lang='grc' dir='ltr'>μὲν</span> <span class='ocrx_word' id='word_1_237' title='bbox 683 2776 788 2857; x_wconf 85' lang='grc' dir='ltr'>Τίγρις·</span> <span class='ocrx_word' id='word_1_238' title='bbox 808 2775 879 2852; x_wconf 80' lang='grc' dir='ltr'>μετά</span> <span class='ocrx_word' id='word_1_239' title='bbox 902 2775 940 2845; x_wconf 79' lang='grc' dir='ltr'>δὲ,</span> 
     </span>
     <span class='ocr_line' id='line_1_33' title="bbox 139 2859 942 2940; baseline -0.001 -20"><span class='ocrx_word' id='word_1_240' title='bbox 139 2859 265 2939; x_wconf 84' lang='grc' dir='ltr'>δεύτερός</span> <span class='ocrx_word' id='word_1_241' title='bbox 287 2887 318 2921; x_wconf 92' lang='grc' dir='ltr'>τε</span> <span class='ocrx_word' id='word_1_242' title='bbox 341 2861 387 2920; x_wconf 88' lang='grc' dir='ltr'>καὶ</span> <span class='ocrx_word' id='word_1_243' title='bbox 407 2864 502 2940; x_wconf 91' lang='grc' dir='ltr'>τρίτος</span> <span class='ocrx_word' id='word_1_244' title='bbox 523 2862 608 2926; x_wconf 80' lang='grc' dir='ltr'>ιίυτδς</span> <span class='ocrx_word' id='word_1_245' title='bbox 636 2861 864 2940; x_wconf 81' lang='grc' dir='ltr'>ούνομαζόμενος,</span> <span class='ocrx_word' id='word_1_246' title='bbox 892 2861 942 2920; x_wconf 85' lang='grc' dir='ltr'>ούκ</span> 
     </span>
     <span class='ocr_line' id='line_1_34' title="bbox 140 2947 943 3026; baseline -0.009 -16"><span class='ocrx_word' id='word_1_247' title='bbox 140 2947 227 3012; x_wconf 74' lang='grc' dir='ltr'>αἷυτδς</span> <span class='ocrx_word' id='word_1_248' title='bbox 241 2947 292 3008; x_wconf 81' lang='grc' dir='ltr'>εἰδν</span> <span class='ocrx_word' id='word_1_249' title='bbox 304 2949 430 3025; x_wconf 84' lang='grc' dir='ltr'>ποταμδς</span> <span class='ocrx_word' id='word_1_250' title='bbox 449 2949 513 3008; x_wconf 76' lang='grc' dir='ltr'>οὐδὲ</span> <span class='ocrx_word' id='word_1_251' title='bbox 532 2956 562 3009; x_wconf 83' lang='grc' dir='ltr'>ἐκ</span> <span class='ocrx_word' id='word_1_252' title='bbox 580 2954 631 3010; x_wconf 84' lang='grc' dir='ltr'>τοῦ</span> <span class='ocrx_word' id='word_1_253' title='bbox 651 2948 736 3008; x_wconf 82' lang='grc' dir='ltr'>αύτοῦ</span> <span class='ocrx_word' id='word_1_254' title='bbox 749 2950 827 3024; x_wconf 84' lang='grc' dir='ltr'>ῥέων·</span> <span class='ocrx_word' id='word_1_255' title='bbox 849 2947 878 3026; x_wconf 81' lang='grc' dir='ltr'>(ὁ</span> <span class='ocrx_word' id='word_1_256' title='bbox 891 2950 943 3020; x_wconf 75' lang='grc' dir='ltr'>μὲν</span> 
     </span>
     <span class='ocr_line' id='line_1_35' title="bbox 137 3031 940 3121; baseline -0.002 -23"><span class='ocrx_word' id='word_1_257' title='bbox 137 3039 194 3121; x_wconf 83' lang='grc' dir='ltr'>γάρ</span> <span class='ocrx_word' id='word_1_258' title='bbox 212 3036 348 3115; x_wconf 88' lang='grc' dir='ltr'>πρότερος</span> <span class='ocrx_word' id='word_1_259' title='bbox 362 3036 451 3097; x_wconf 71' lang='grc' dir='ltr'>αὐτῶν</span> <span class='ocrx_word' id='word_1_260' title='bbox 470 3037 652 3116; x_wconf 83' lang='grc' dir='ltr'>καταλεχθεὶς</span> <span class='ocrx_word' id='word_1_261' title='bbox 666 3037 697 3104; x_wconf 77' lang='grc' dir='ltr'>ἐξ</span> <span class='ocrx_word' id='word_1_262' title='bbox 707 3034 860 3110; x_wconf 87' lang='grc' dir='ltr'>Ἀρμενίων</span> <span class='ocrx_word' id='word_1_263' title='bbox 875 3031 940 3104; x_wconf 68' lang='grc' dir='ltr'>ῥέει,</span> 
     </span>
     <span class='ocr_line' id='line_1_36' title="bbox 139 3118 943 3204; baseline -0.022 -16"><span class='ocrx_word' id='word_1_264' title='bbox 139 3127 155 3188; x_wconf 82' lang='grc' dir='ltr'>ὄ</span> <span class='ocrx_word' id='word_1_265' title='bbox 175 3125 199 3187; x_wconf 75' lang='grc' dir='ltr'>δ’</span> <span class='ocrx_word' id='word_1_266' title='bbox 220 3125 348 3204; x_wconf 78' lang='grc' dir='ltr'>ὕστερον,</span> <span class='ocrx_word' id='word_1_267' title='bbox 363 3127 393 3182; x_wconf 79' lang='grc' dir='ltr'>ἔκ</span> <span class='ocrx_word' id='word_1_268' title='bbox 411 3126 583 3204; x_wconf 74' lang='grc' dir='ltr'>Ματιηνῶν)</span> <span class='ocrx_word' id='word_1_269' title='bbox 598 3125 613 3184; x_wconf 83' lang='grc' dir='ltr'>ὁ</span> <span class='ocrx_word' id='word_1_270' title='bbox 630 3123 660 3181; x_wconf 74' lang='grc' dir='ltr'>δὲ</span> <span class='ocrx_word' id='word_1_271' title='bbox 675 3123 807 3195; x_wconf 87' lang='grc' dir='ltr'>τέταρτος</span> <span class='ocrx_word' id='word_1_272' title='bbox 821 3118 877 3172; x_wconf 75' lang='grc' dir='ltr'>τιδν</span> <span class='ocrx_word' id='word_1_273' title='bbox 893 3139 943 3170; x_wconf 89' lang='grc' dir='ltr'>πο-</span> 
     </span>
     <span class='ocr_line' id='line_1_37' title="bbox 138 3199 944 3294; baseline -0.01 -19"><span class='ocrx_word' id='word_1_274' title='bbox 138 3219 234 3294; x_wconf 81' lang='grc' dir='ltr'>ταμῶν</span> <span class='ocrx_word' id='word_1_275' title='bbox 247 3211 355 3290; x_wconf 83' lang='grc' dir='ltr'>ούνομα</span> <span class='ocrx_word' id='word_1_276' title='bbox 368 3212 425 3290; x_wconf 81' lang='grc' dir='ltr'>ἔχει</span> <span class='ocrx_word' id='word_1_277' title='bbox 443 3211 556 3287; x_wconf 86' lang='grc' dir='ltr'>Γύνδης,</span> <span class='ocrx_word' id='word_1_278' title='bbox 574 3211 624 3270; x_wconf 83' lang='grc' dir='ltr'>τδν</span> <span class='ocrx_word' id='word_1_279' title='bbox 637 3211 733 3282; x_wconf 81' lang='grc' dir='ltr'>Κῦρος</span> <span class='ocrx_word' id='word_1_280' title='bbox 748 3199 868 3271; x_wconf 50' lang='lat' dir='ltr'>&amp;staff</span> <span class='ocrx_word' id='word_1_281' title='bbox 881 3221 944 3256; x_wconf 65' lang='lat' dir='ltr'>“W</span> 
     </span>
    </p>
   </div>
   <div class='ocr_carea' id='block_1_2' title="bbox 0 0 1106 3430">
    <p class='ocr_par' dir='ltr' id='par_1_2' title="bbox 0 0 1106 3430">
     <span class='ocr_line' id='line_1_38' title="bbox 0 0 1106 3430; baseline 0 0"><span class='ocrx_word' id='word_1_282' title='bbox 0 0 1106 3430; x_wconf 95' lang='lat' dir='ltr'> </span> 
     </span>
    </p>
   </div>
  </div>
 </body>
</html>
