2280 3432
178 97 270 162 6-10]
404 121 406 125 2
502 97 657 149 οττιυικ.
929 103 978 154 ιιι

177 179 319 257 Πέρσησι,
333 177 431 237 πολλα
445 177 534 236 δὲκαὶ
548 176 631 242 αύτός
648 179 845 256 περιεβάλετο·
866 180 979 248 οὗτοςό

176 266 345 341 Σκυλλίης’
332 291 361 324 εν
374 265 427 344 νόῳ
440 268 492 342 μὲν
505 265 564 345 εἶχε
577 265 632 342 όρα
645 265 692 325 καὶ
709 266 846 346 πρότερον
859 269 977 348 αύτομο-

174 354 308 430 λη’σειν’
295 381 323 418 ες
341 353 406 416 τούς
420 352 572 430 Ἕλληνας,
594 352 660 414 ἄλλ’
673 353 707 416 ού
726 355 781 436 γάρ
803 359 829 415 οἱ
849 359 977 439 παρέσχε

174 440 209 505 ὥς
234 441 308 502 τότε·
349 441 416 521 ὅτεῳ
443 444 495 518 μὲν
521 442 556 518 δὴ
583 443 678 523 τρόπῳ
708 444 742 504 τό
769 445 894 506 ε’νθεῦτεν
922 445 976 525 ἤδη

173 528 287 590 ἀπίκετο
304 535 332 593 ἐς
348 530 414 592 τούς
426 529 579 606 Ἕλληνας,
594 530 644 590 ούκ
660 532 714 610 ἔχω
735 531 811 592 εἶπαι
831 531 974 610 οἶτρεκέως·

172 617 288 693 θωμάζω
298 619 328 676 δὲ
341 622 366 677 εἶ
377 617 413 678 τοὶ
426 616 566 697 λεγόμενά
579 623 640 678 ε’στι
654 619 770 694 ἀληθέα
790 621 904 701 λέγεται
917 621 972 703 γὰρ

172 729 207 766 ως
227 705 277 774 ἔξ’
278 705 410 780 Αφετέων
427 704 507 767 δυς’
494 731 521 768 ες
540 705 593 780 τήν
614 705 821 777 θόλοσσαν,’
790 735 821 768 ου
837 708 973 787 πρότερον
1004 788 1008 796 ι

170 789 284 887 ἀνέσχε
287 793 353 870 πρὶν
366 789 385 868 ἢ
398 791 512 853 ἀπίκετο
531 794 577 852 ἐπὶ
594 793 627 852 τό
639 791 826 871 Ἀρτεμίσιον,
842 797 973 862 σταδίους

169 865 297 955 μόλιστοί
310 905 345 952 κη
358 879 473 944 τούτους
487 879 515 944 ές
527 879 686 990 ὀγδώκοντα
700 881 794 940 διαὶ
758 907 809 957 της
822 882 973 961 θαλάσσης

169 965 322 1036 διεξελθών.
365 968 479 1048 λέγεται
511 968 564 1044 μέν
590 993 639 1027 νυν
669 969 717 1026 καὶ
749 967 826 1028 ἄλλα
858 971 972 1046 ψευδέσι

169 1055 263 1113 εἴκελα
283 1056 347 1132 περὶ
366 1059 417 1114 τοῦ
438 1054 537 1132 ἀνδρὸς
559 1055 667 1114 τούτου·
702 1055 738 1114 τὰ
758 1057 788 1118 δὲ
808 1057 972 1135 μετεξέτερα

167 1140 285 1218 ἀληθέα·
306 1144 371 1220 περὶ
385 1144 482 1220 μέντοι
496 1142 597 1202 τούτου
609 1140 707 1222 γνιόμη
719 1169 769 1219 μοι
784 1141 969 1224 ἀποδεδέχθω,

166 1231 257 1309 πλοίῳ
282 1257 331 1308 μιν
351 1230 503 1291 ἀπικέσθαι
524 1232 569 1289 ε’πὶ
593 1230 626 1291 τδ
651 1230 840 1308 Ἀρτεμίσιον·
883 1231 918 1296 ὦς
941 1233 971 1294 δὲ

166 1314 290 1388 ἀπίκετο,
308 1319 406 1379 αὐτίκα
423 1319 545 1397 ἐσήμηνε
565 1323 641 1378 τοῖσι
661 1323 849 1400 στρατηγοῖσι
868 1319 921 1396 τη’ν
939 1346 970 1381 τε

166 1406 300 1486 ναυηγίην
321 1433 357 1470 ως
377 1409 494 1487 γένοιτο,
515 1405 560 1466 καὶ
580 1405 631 1469 τοὶς
651 1407 953 1484 περιπεμφθείσας
913 1435 968 1468 των

165 1497 232 1553 νεῶν
252 1521 317 1572 περι
306 1494 463 1571 Εὔβοιαν.
506 1499 596 1554 Τοῦτο
617 1493 685 1553 δὲ’
667 1494 836 1557 ακούσαντες
857 1521 884 1553 οι
875 1494 967 1554 ’Ἕλ-
977 1499 993 1556 9

164 1583 255 1657 ληνες,
276 1584 363 1665 λόγον
387 1585 476 1660 σφίσι
496 1582 607 1643 αύτοῖσι
634 1582 773 1643 ἐδίδοσαν·
800 1585 918 1644 πολλῶν
938 1583 967 1643 δε

163 1670 384 1749 λεχθέντων,”
342 1697 425 1745 ενικα,
439 1671 491 1748 τὴν
504 1667 644 1748 ἦμέρην’
631 1670 737 1748 εκείνην
756 1669 842 1732 αύτοΰ
858 1672 967 1748 μείναν-

162 1757 213 1820 τιίς
237 1785 269 1819 τε
296 1759 342 1842 καὶ
368 1759 562 1829 αὐλισθέντας,
589 1760 738 1865 μετέπειτα
763 1759 849 1820 νύκτα
874 1759 966 1837 μέσην

162 1847 308 1923 παρέντας,
327 1845 505 1924 πορεύεσθαι,
527 1847 573 1904 καὶ
593 1845 720 1906 ἀπαντᾶν
738 1849 807 1924 τῇσι
826 1851 965 1922 περιπλω·

163 1931 268 2011 ούσησι
293 1959 349 1993 των
369 1938 446 1993 νεῶν·
480 1931 551 2008 μετοῖ
576 1933 606 1990 δε
626 1923 718 2042 τρῦτό,
741 1932 776 1994 ὦς
797 1931 888 2041 ρύδείς
909 1939 965 2008 σφι

162 2019 297 2092 ε’πέπλωε,
323 2020 418 2095 δείλην
441 2019 525 2095 ὀψίην
549 2020 697 2098 γινομένην
716 2023 768 2092 τῆς
786 2018 891 2095 ἡμέρης
910 2026 962 2095 φυ-

161 2103 304 2177 λάξαντες,
332 2105 411 2166 αὐτοὶ
439 2105 619 2164 ε’πανέπλωον
639 2105 685 2163 ἐπὶ
704 2104 769 2168 τούς
787 2105 962 2182 βαρβάρους,

161 2190 317 2272 ἀπόπειραν
344 2193 434 2254 αὐτῶν
459 2191 637 2268 ποιήσασθαι
659 2191 831 2270 βουλόμενοι
856 2196 907 2268 τῆς
931 2220 963 2255 τε
1032 2237 1035 2244 2

159 2280 253 2361 μάχης
273 2283 389 2343 καὶτοῦ
409 2281 565 2342 διεκπλόου.
608 2279 752 2358 Ὀρέοντες
771 2281 803 2342 δέ
822 2287 914 2358 σφεας
934 2283 1009 2344 οί10

159 2395 190 2429 τε
215 2371 302 2432 ἄλλοι
328 2374 498 2449 στρατιῶται
517 2373 544 2430 οἱ
564 2369 672 2446 Ξέρξεω
692 2369 739 2428 καὶ
759 2372 786 2429 οἱ
805 2370 960 2452 στρατηγοὶ

160 2458 351 2524 ἐπιπλόοντας
382 2459 465 2536 νηυσὶ
494 2457 618 2540 ὀλίγῃσι,
648 2456 744 2538 πάγχυ
773 2464 830 2534 σφι
859 2460 961 2535 μανίην

159 2548 352 2619 ἐπενείκαντες,
366 2547 471 2630 ἀνῆγον
489 2547 535 2606 καὶ
553 2544 633 2606 αύτοὶ
645 2544 697 2610 τοὶς
713 2547 775 2610 νέας
793 2547 960 2612 ἐλπίσαντές

158 2639 252 2708 σφεας
267 2634 398 2701 εὐπετέως
416 2634 553 2712 αἱρήσειν·
574 2633 666 2694 οἰκότα
687 2633 775 2710 κόρτα
794 2634 960 2698 ἐλπίσαντες

157 2719 208 2783 τός
219 2722 272 2797 μέν
284 2749 318 2804 γε
334 2728 390 2784 τῶν
402 2723 548 2799 Ἑλλήνων
568 2719 692 2799 ὁρέοντες
709 2721 808 2803 ὀλίγας
823 2723 893 2792 νέας,
907 2722 957 2788 τός

157 2806 189 2865 δὲ
214 2811 319 2870 ε’ωυτῶν
343 2809 449 2886 πλήθεΐ
472 2835 504 2870 τε
526 2809 749 2873 πολλαπλασίας
775 2810 821 2870 καὶ
844 2808 957 2886 ἄμεινον

156 2895 317 2960 πλωούσας·
359 2895 622 2974 καταφρονήσαντες
656 2901 751 2968 ταῦτα,
790 2900 956 2958 ἐκυκλοῦντο

156 2981 256 3048 αύτούς
280 2990 307 3048 ἒς
327 2985 427 3062 μέσον·
455 2984 520 3044 ὅσοι
540 2985 592 3061 μέν
614 3011 663 3046 νυν
679 2989 734 3045 τῶν
757 2983 855 3044 Ἰιόνων
880 2983 956 3060 ἦσαν

156 3070 245 3132 εὔνοοι
277 3076 355 3132 τοῖσι
382 3072 518 3148 Ἕλλησι,
545 3071 672 3136 ἀέκοντές
699 3098 730 3131 τε
756 3070 955 3150 ἐστρατεύοντο

155 3159 308 3241 συμφορήν
332 3186 364 3222 τε
391 3162 532 3220 ἐποιεῦντο
558 3160 694 3241 μεγάλην,
721 3159 846 3238 ὁρέοντες
865 3185 954 3237 περιε·

153 3249 289 3328 χομένους
308 3249 409 3313 αύτούς
429 3248 475 3308 καὶ
495 3247 676 3326 ἐπιστάμενοι
700 3247 735 3312 ὦς
757 3246 845 3312 ούδεὶς
864 3246 955 3310 αὐτῶν
