2294 3430
150 166 152 172 Ι
178 111 210 160 92
485 109 667 158 ἨΡΟΔΟἝΟΤ
912 110 973 175 [VI.

175 191 275 266 πειρᾶν
297 192 325 252 ἐς
347 187 400 264 τήν
424 186 553 263 Μηδικήν
578 186 723 262 ἐσβαλεῖν,
747 189 840 265 σφέας
861 189 890 249 δέ
912 190 977 256 τούς

177 274 353 352 Σπαρτιήτας
371 274 492 334 κελεύειν
511 274 542 344 ἐξ
559 273 685 350 Ἐφέσου
706 275 895 354 όρμεωμένους
912 276 976 337 ἀνα·

176 361 293 438 βαίνειν,
308 362 354 422 καὶ
372 363 466 421 ἔπειτα
483 365 511 424 ἐς
528 359 616 422 τῶυτὸ
636 360 771 422 α’παντᾶν.
815 365 977 441 Κλεομένεα

178 447 208 508 δὲ
228 449 355 529 λέγουσι,
376 447 499 525 ἡκόντων
519 453 574 509 τῶν
593 449 720 512 Σκυθέων
738 449 784 508 ἐπὶ
802 454 898 522 ταῦτα,
917 453 977 530 ὁμι·

178 535 252 597 λέειν
272 543 329 613 σφι
348 536 475 614 μεζόνως,
490 536 640 610 ὁμιλέοντα
654 535 810 612 δὲμᾶλλον
822 542 873 598 τοῦ
892 542 976 599 ἱκνευ·

177 623 262 699 μένου
274 624 374 701 μαθεῖν
386 621 439 699 τήν
452 621 660 700 ἀκρητοποσίην
673 622 738 701 παρ’
753 623 851 703 αὐτῶν·
872 631 902 686 ἐκ
914 627 976 686 τοό·

177 736 227 771 του
251 711 281 771 δὲ
300 712 423 788 μανῆναί
442 737 491 787 μιν
514 711 659 787 νομίζουσι
682 712 866 790 Σπαρτιῆται·
894 715 923 773 ἔκ
945 740 977 775 τε

177 796 272 872 τόσου,
289 798 324 863 (ὁς
342 797 421 858 αὐτοὶ
438 797 564 878 λέγουσι,
582 798 664 859 ἐπεὰν
682 798 833 877 ζωρότερον
850 800 975 876 βούλων-

180 911 226 946 ται
239 886 334 957 πιέειν,
346 897 363 922 “
372 885 577 946 ἐπισκόθισον”
591 886 716 967 λέγουσι.
753 886 824 947 οὕτω
836 887 871 964 δή
883 889 975 965 Σπαρ-

158 968 270 1050 ’τιήται
289 974 325 1034 τό
345 975 409 1052 περὶ
423 974 586 1051 Κλεομένεα
601 975 728 1055 λέγουσι.
753 975 833 1052 ἐμοὶ
845 974 875 1034 δέ
888 975 976 1036 δοκέει

177 1062 254 1123 τίσιν.
272 1062 375 1138 ταύτην
394 1061 410 1122 ό
432 1063 595 1138 Κλεομένης
615 1060 774 1141 Δημαρήτῳ
795 1062 912 1122 ἐκτίσαι.

93 1161 97 1170 “
131 1150 169 1208 85
221 1149 445 1226 Τελευτήσαντος
458 1149 488 1210 δὲ
501 1149 685 1226 Κλεομένεος,
700 1148 735 1211 ὦς
750 1148 976 1232 ἐπόθοντοΑἰγι·
1022 1211 1029 1228 ,

178 1241 267 1312 νῆται,
293 1238 418 1315 ἔπεμπον
445 1239 472 1299 ἐς
493 1235 625 1314 Σπάρτην
648 1235 786 1317 ἀγγέλους
811 1240 975 1314 καταβωσο-

177 1325 276 1398 μένους
295 1323 468 1402 Λευτυχίδεω
491 1324 555 1401 τερὶ
577 1327 632 1383 τῶν
655 1327 684 1384 ἐν
704 1323 842 1403 Ἀθήνησι
865 1325 975 1402 ὁμήρων

178 1413 325 1489 ἐχομένων.
366 1410 579 1487 Λακεδαιμόνιοι
601 1411 631 1470 δὲ
651 1411 831 1488 δικαστήριον
854 1437 975 1494 συναγα-

177 1497 281 1577 γόντες,
302 1499 426 1578 ἔγνωσαν
446 1498 649 1574 περιϋβρίσθαι
662 1498 811 1579 Αἰγινήτας
831 1498 885 1559 ὁπὸ
906 1506 976 1560 Λευ-

177 1584 302 1662 τυχίδεω·
332 1584 380 1644 καί
403 1609 452 1660 μιν
480 1585 640 1662 κατέκριναν
669 1586 780 1646 ἔκδοτον
803 1585 924 1667 ἄγεσθαι
948 1592 976 1653 ἐς

180 1672 297 1751 Λίγιναν
324 1670 385 1732 ἀντὶ
412 1675 467 1732 τῶν
491 1676 520 1732 ἐν
539 1670 676 1752 Ἀθήνησι
700 1674 837 1753 ἐχομένων
860 1674 975 1754 ἀνδρῶν.

178 1759 340 1835 μελλόντων
360 1759 390 1818 δέ
410 1757 487 1840 ἅγειν
507 1763 562 1820 τῶν
582 1762 749 1842 Αἰγινητέων
775 1761 824 1822 τόν
843 1764 975 1842 Λευτυχί-

178 1845 235 1917 δεα,
251 1847 312 1922 εἶπέ
324 1853 380 1924 σφι
393 1847 532 1924 Θεασιδης
545 1846 561 1908 ὁ
574 1849 763 1926 Λεωπρέπεος,
778 1849 829 1909 ἐιδν
842 1854 871 1909 ἐν
882 1850 976 1928 Σπέρ-

179 1961 213 2015 τη
227 1934 370 2014 δόκιμος’
352 1935 431 2013 ανήρ·
453 1945 506 1996 “n
500 1935 662 2013 ’βούλεσθε
682 1937 794 2006 ποιέειν,
813 1936 908 2014 ἄνδρες
927 1942 976 1997 Λί-

177 2028 296 2104 γινήται,
309 2023 358 2084 τόν
376 2024 561 2101 βασιλέα
522 2050 578 2085 των
591 2024 784 2102 Σπαρτιητέων
801 2023 912 2085 ἔκδοτον
930 2051 975 2106 γε

179 2111 294 2188 νόμενον
322 2111 376 2172 υπδ
404 2137 459 2172 των
487 2111 687 2222 τρλιητέων”
669 2135 763 2193 αγειν;
793 2115 816 2170 εἰ
836 2114 884 2172 νῦν
904 2111 975 2193 ὀργῇ

177 2223 329 2276 χρεωμενοι
350 2200 474 2279 ἔγνωσαν
487 2198 558 2259 οὕτω
571 2197 783 2276 Σπαρτιῆται,
767 2225 836 2262 οκως
849 2199 913 2268 ἐξ
896 2199 975 2258 υστέ-

177 2310 228 2360 ρης
249 2284 290 2362 μή
311 2311 339 2344 τι
359 2285 432 2362 ὁμῖν,
454 2284 489 2362 ἦν
509 2288 597 2345 ταῦτα
618 2285 776 2363 πρήσσητε,
796 2268 976 2362 πανώλεθρον

179 2371 263 2432 κακόν
283 2377 311 2436 ἐς
330 2371 383 2449 τήν
402 2372 495 2451 χόρην
516 2371 691 2450 ἐσβόλωσι.”
731 2378 818 2434 ταῦτα
839 2372 975 2434 ἀκούσαν-

178 2485 223 2522 τες
236 2463 262 2519 οἱ
276 2463 423 2542 Αἰγινῆται
436 2461 555 2539 ἔσχοντο
578 2465 626 2537 τῆς
646 2459 765 2543 ἅγαηής·
786 2460 925 2542 ὁμολογίῃ
946 2461 976 2520 δὲ

179 2546 335 2625 ἐχρήσαντο
348 2547 449 2626 τοιῇδε,
464 2547 653 2626 ἐπισπόμενον
665 2549 834 2628 Λευτυχίδεα
853 2553 880 2612 ἐς
891 2547 975 2623 Ἀθή-

131 2636 169 2693 86
178 2659 234 2703 νας,
248 2634 400 2696 ἀποδοῦναι
409 2636 576 2717 Αἰγινήτῃσι
587 2635 651 2701 τούς
664 2635 775 2714 ἄνδρας.
809 2635 858 2699 Ὡς
870 2635 900 2694 δὲ
913 2635 975 2694 ἀτι-

178 2721 293 2799 κόμενος
304 2723 474 2803 Λευτυχίδης
488 2729 515 2787 ἐς
527 2723 577 2788 ταὶς
588 2722 710 2799 Ἀθήνας
723 2721 838 2782 ἀπαίτεε
852 2721 905 2798 τήν
923 2748 975 2782 πα-

177 2807 310 2887 ραθήκην,
325 2815 352 2871 οἱ
371 2810 514 2888 Ἀθηναῖοι
534 2811 698 2889 προφάσιας
715 2809 809 2870 εἷλκον
825 2808 858 2870 οὔ
871 2808 976 2887 βουλό·
1039 2814 1045 2826 ”

177 2923 256 2975 μενοι
272 2897 432 2970 ἀποδοῦναι,
446 2900 548 2976 φάντες
561 2900 610 2959 δύο
623 2899 716 2975 σφέας
728 2897 823 2962 ἐόντας
835 2898 977 2974 βασιλέας

178 2987 363 3063 παραθέσθαι,
390 2987 436 3048 καὶ
459 2986 491 3048 οὗ
515 2988 637 3047 δικαιοῦν
663 2989 701 3065 τῷ
728 2985 809 3064 ἐτέρῳ
835 2983 900 3046 ἅνευ
926 2989 976 3044 τοῦ

179 3076 272 3152 ἐτέρου
290 3074 461 3136 ἀποδιδόναι.
502 3074 534 3134 οὗ
555 3073 686 3151 φαμένων
706 3073 736 3132 δέ
752 3071 908 3133 ἀποδώσειν
921 3075 977 3130 τῶν

177 3158 339 3238 Ἀθηναίων,
362 3161 440 3231 ἔλεξέ
460 3168 517 3238 σφι
537 3160 706 3238 Λευτυχιδης
726 3159 801 3219 τόδε·
824 3158 871 3218 “αἰ
892 3157 975 3233 Ἀθη-

192 3251 259 3320 ἀἳαι,
272 3250 380 3310 ποιέετε
393 3250 445 3326 μὲν
458 3247 574 3325 ὁκότερα
586 3245 731 3325 βούλεσθε
751 3245 841 3308 αὐτοί·
861 3243 976 3325 καὶγὰρ
