2294 3430
173 87 298 148 99-102]
476 85 662 133 ΠΟΛΤΜΝῙΔ.
923 85 968 134 159

172 168 227 244 γῖρν
239 165 389 242 τρέψαντες
404 163 505 228 πάντες
523 163 695 241 μετωπηδόν,
710 164 756 224 καὶ
774 163 972 234 ἐξοπλίσαντες

172 251 238 314 τούς
252 251 388 328 ἐπιβάτας
400 251 434 316 οἷς
445 257 472 315 ἐς
482 252 617 329 πόλεμον·
633 251 649 313 ό
660 252 682 312 δ’
694 251 769 316 ἐντός
774 256 833 312 γτῶν
843 252 971 329 πρωρέων

172 339 265 399 πλέων
279 341 387 415 ἐθηεῖτο
401 341 447 398 καί
459 345 509 400 τοῦ
518 344 657 421 αἰγιαλοῦ.

212 426 260 491 Ὡς
277 427 306 486 δέ
323 429 369 486 καὶ
386 429 487 491 ταύτας
506 428 744 498 διεξέπλωσε,καί
760 429 844 505 ἐξέβη
859 432 889 487 ἐκ
901 429 951 503 τῆς
961 427 1017 488 101

97 516 99 519 ’
172 513 240 586 νεός,
253 516 452 593 μετεπέμψατο
473 515 643 592 Δημάρητον
662 515 712 576 τόν
728 515 904 592 Ἀρίστωνος,
923 539 972 574 συ·

172 602 393 680 στρατευόμενον
413 602 488 682 αύτῷ
508 603 554 662 ἐπὶ
569 603 621 679 τὴν
635 602 772 662 Ἑλλάδα·
803 604 926 666 καλέσας
949 601 972 662 δ

172 689 256 750 αὐτόν
277 691 364 767 εἴρετο
384 690 458 750 τόδε·
481 700 499 726 “
508 691 667 768 Δημάρητε,
686 695 735 751 νῦν
753 693 805 768 μοί
822 716 858 750 σε
875 689 928 766 ἡδύ
944 717 972 750 τι

173 779 234 836 ἐστὶ
251 778 410 854 ἐπείρεσθαι
428 777 463 837 τό
482 778 564 838 θέλω·
586 777 623 838 σύ
642 778 680 841 εἰς
692 777 804 854 Ἕλλην
820 804 859 848 τε,
874 779 920 838 καὶ
938 776 973 842 ιός

173 864 227 944 ἐγὼ
240 865 415 941 πυνθάνομαι
427 869 479 924 σεῦ
491 890 522 924 τε
535 866 582 924 καὶ
594 868 649 924 τῶν
661 864 756 925 ἄλλων
764 865 909 941 Ἑλλήνων
918 870 972 926 τῶν

173 953 234 1027 ἐμοὶ
248 957 275 1014 ἐς
293 950 396 1032 λόγους
408 951 618 1028 ἀπικνεομένων,
632 951 731 1016 πόλιος
749 951 806 1012 οὔτ’
821 954 973 1031 ἐλαχίστης

173 1037 228 1097 οὔτ’
250 1039 466 1115 ἀσθενεστάτης·
500 1043 549 1100 νῦν
576 1038 612 1099 ὧν
635 1065 685 1116 μοι
710 1039 774 1100 τόδε
801 1040 921 1117 φράσον,
949 1045 973 1100 εἰ

168 1123 306 1202 Ἕλληνες
333 1125 519 1206 ὑπομενέουσι
547 1131 642 1206 χεῖρας
669 1127 730 1204 ἐμοὶ
754 1126 971 1206 ἀνταειρόμενοι·

172 1211 204 1272 ού
218 1213 286 1294 γοὶρ,
297 1213 332 1277 ὦς
346 1214 400 1296 ἐγοί
414 1215 506 1288 δοκέω,
522 1214 577 1292 οὐδ’
592 1219 616 1274 εἰ
629 1213 873 1292 πόντεςἝλληνες
887 1215 932 1275 καί
946 1219 972 1275 οἰ

110 1339 118 1345 -
171 1304 268 1362 λοιποὶ
290 1306 317 1362 οἰ
338 1301 408 1379 πρός
436 1303 556 1380 ἑσπέρης
576 1302 710 1366 οἰκέοντες
736 1302 877 1381 ἅνθρωποι
903 1307 979 1364 συλ-.

170 1391 349 1470 λεχθείησαν,
365 1389 415 1450 ούκ
430 1389 583 1470 ἀξιόμαχοί
594 1393 649 1450 εἰσι
667 1393 716 1468 ἐμὲ
730 1391 843 1451 ἐπιόντα
858 1390 972 1468 ύπομεῖ-

170 1478 282 1556 ναι,μή
305 1479 396 1542 ἐόντες
418 1476 541 1556 ἄρθμιοι·
572 1479 658 1538 ἐθέλω
677 1479 773 1556 μέντοι
791 1480 838 1538 καὶ
858 1479 892 1540 τό
914 1477 970 1539 ἀπό

170 1571 229 1636 σεῦ,
249 1567 343 1627 όκοῖόν
356 1593 384 1627 τι
398 1567 568 1648 λέγειςπερί
582 1566 679 1650 αὐτῶν,
693 1565 858 1628 πυθέσθαι.”
891 1567 908 1628 ὁ
920 1570 972 1644 μέν

169 1659 257 1714 ταῦτα
266 1654 373 1732 εἰρώτα·
389 1654 404 1714 ό
416 1655 446 1713 δέ
457 1654 612 1732 ύπολαβοίν
622 1654 686 1730 ἐφη·
701 1662 719 1691 “
726 1658 860 1732 βασιλεῦ,
872 1654 972 1732 κότερα

169 1739 291 1821 ἀληθηίη
317 1742 463 1821 χρήσομαι
486 1743 556 1820 πρός
580 1745 615 1802 σέ
637 1740 656 1817 ἢ
677 1742 763 1822 ἡδονῇ
772 1741 797 1813 ;”
830 1743 846 1803 ὁ
870 1743 902 1802 δέ
923 1769 972 1819 μιν

170 1827 292 1908 ἀληθηίη
313 1832 480 1909 χρῆσασθαι
502 1831 619 1900 ἐκέλευε,
641 1829 697 1905 φάς
719 1831 798 1890 οὐδέν
818 1835 845 1890 οἰ
871 1829 970 1906 ἀηδέσ-

168 1939 249 1992 τερον
265 1919 382 1978 ἔσεσθαι
396 1917 415 1993 ἢ
428 1917 564 1994 πρότερον
581 1917 624 1992 ἦν·
647 1916 682 1980 ὦς
701 1918 730 1976 δὲ
745 1922 834 1977 ταῦτα
846 1917 950 1993 ἤκουσε
961 1921 1018 1978 102

170 2004 347 2080 Δημάρητος,
370 2005 449 2084 ἔλεγε
465 2003 539 2062 τάδε.
564 2006 722 2080 “βασιλεΰ,
740 2004 833 2079 ἐπειδὴ
850 2003 971 2084 ἀληθηίῃ

173 2089 382 2169 διαχρήσασθαι
395 2089 502 2153 πάντως
514 2117 550 2167 με
564 2090 691 2160 κελεύεις,
704 2096 791 2152 ταῦτα
804 2091 924 2172 λέγοντα
936 2093 971 2152 τό

169 2178 209 2254 μή
231 2177 399 2256 ψευδόμενός
418 2204 460 2241 τις
480 2177 597 2254 ὕστερον
617 2177 671 2238 ύπδ
692 2181 744 2238 σεῦ
765 2177 915 2252 ἁλώσεται,
935 2183 971 2259 τῇ

168 2265 287 2326 Ἐλλάδι
310 2267 391 2343 πενίη
414 2268 466 2342 μὲν
494 2267 550 2324 αἰεί
571 2291 634 2326 κοτε
660 2261 819 2342 σύντροφος
846 2266 969 2341 σύνεστι,

169 2352 252 2432 ἀρετὴ
267 2355 296 2414 δὲ
310 2354 427 2418 ἔπακτός
441 2358 511 2423 ἐστι,
529 2352 585 2413 ἀπό
598 2379 630 2414 τε
643 2354 747 2430 σοφίης
761 2356 971 2435 κατεργασμένη

128 2435 137 2452 ’
169 2443 215 2501 καὶ
235 2443 321 2519 νόμου
344 2445 473 2522 ἰσχυροῦ·
494 2446 530 2522 τῇ
549 2442 736 2522 διαχρεωμένη
753 2441 773 2517 ἦ
790 2441 905 2514 Ἑλλάς,
919 2442 971 2519 τήν

167 2553 199 2589 τε
219 2533 314 2608 πενίην
336 2529 510 2608 ἀπαμύνεται
527 2532 573 2590 καὶ
591 2531 643 2606 την
663 2530 849 2607 δεσποσύνην.
891 2531 971 2591 αἰνέω

169 2618 220 2693 μέν
240 2645 288 2678 νυν
308 2620 414 2684 ταίντας
432 2617 576 2694 Ἕλληνας
599 2618 664 2682 τούς
686 2619 750 2696 περὶ
774 2621 878 2682 κείνους
904 2618 968 2682 τούς

170 2706 311 2781 Δωρικοιίς
330 2733 437 2786 χωρους
458 2708 626 2784 οἰκημένους·
648 2707 766 2785 ἔρχομαι
784 2707 814 2766 δέ
832 2707 920 2776 λέξων
939 2705 971 2766 ού

169 2793 232 2868 περὶ
241 2793 350 2853 πάντων
360 2793 462 2854 τούσδε
472 2795 537 2858 τούς
550 2794 661 2876 λόγους,
672 2794 750 2854 ἀλλά
759 2795 824 2872 περὶ
837 2795 971 2854 Λακεδαι-

169 2881 271 2957 μονίων
287 2881 405 2958 μούνων·
427 2887 525 2960 πρῶτα
539 2885 599 2960 μέν,
614 2883 658 2944 ὅτι
673 2882 723 2943 οὐκ
740 2884 800 2942 ἐστι
820 2882 889 2946 ὅκως
907 2883 970 2942 κοτὲ

169 2968 239 3032 σούς
255 2969 379 3038 δέξονται
398 2969 500 3051 λόγους
519 2971 691 3047 δουλοσύνην
707 2972 843 3047 φέροντας
855 2974 890 3047 τῇ
903 2969 967 3027 Ἑλ-

168 3055 243 3115 λάδι·
265 3057 341 3121 αὖτις
359 3058 396 3128 δέ,
411 3057 446 3121 οἰς
467 3056 650 3120 ἀντιώσονταί
661 3084 705 3118 τοι
719 3063 747 3121 ἐς
758 3057 862 3136 μάχην,
877 3056 922 3114 καὶ
935 3053 970 3130 ἣν

169 3145 444 3223 οἰάλλοιἝλληνες
461 3146 561 3210 πάντες
574 3145 610 3206 τό
624 3146 664 3207 σά
680 3147 829 3224 φρονέωσι·
851 3142 970 3220 ἀριθμοῦ

168 3231 198 3292 δὲ
211 3235 283 3312 πέρι,
296 3234 336 3311 μή
350 3233 426 3311 πύθη
440 3233 505 3312 ὅροι
518 3237 589 3296 τινὲς
602 3233 691 3296 ἐόντες
704 3235 792 3290 ταῦτα
801 3232 905 3289 ποιέειν
915 3229 971 3288 οἶοί
