2240 3424
167 79 216 127 τοι
471 73 657 134 ,ἭυολοτοιΙ
900 77 964 142 [IX.

167 160 251 218 τοῦτο
278 155 316 228 δὲ,
343 154 486 235 Ἀργείους
515 153 579 216 τοῦς
601 152 679 230 μετά
707 155 892 219 Πολυνείκεος
919 157 966 217 ἐπὶ
1113 131 1119 248 ή

167 245 268 321 Θήβας
295 240 460 313 ἐλάσαντας,
486 241 707 318 τελευτήσαντας
733 241 784 302 τῶν
808 247 893 304 αἰῶνα
919 246 967 306 καὶ

167 333 290 407 άτάφους
311 330 457 405 κειμένους,
479 330 717 407 στρατευσάμενοι
738 333 783 389 ἐπὶ
802 331 867 394 τούς
891 334 966 393 Καδ-

164 420 264 498 μείους,
285 417 436 478 άνελέσθαι
454 443 484 477 τε
501 419 566 480 τούς
585 418 696 494 νεκρούς
710 426 803 495 φαμεν
817 420 864 478 καὶ
877 420 967 500 θάψαι

165 510 215 582 τῆς
234 505 368 582 ἡμετέρης
384 509 413 565 ἐν
430 505 582 566 Ἐλευσῖνι.
624 506 730 566 ἔστιδὲ
748 507 815 585 ἡμῖν
837 509 918 588 ἔργον
936 509 967 570 εὖ

165 595 229 673 ἔχον
249 594 295 656 καὶ
311 598 338 656 ἐς
355 592 544 671 Ἀμαζονίδας,
562 593 613 658 τάς
632 593 688 654 άπό
706 596 903 671 Θερμώδοντος
915 623 966 656 πο-

164 685 254 758 ταμοῦ
274 681 458 758 ἐσβαλούσας
475 683 538 740 κοτέ
558 687 585 744 ἐς
602 687 656 764 γῆν
673 683 725 758 τήν
737 681 877 758 Ἀττικήν.
919 686 967 744 καὶ

166 773 293 844 ἐντοῖσι
316 774 465 846 Τρωϊκοῖσι
491 769 605 830 πόνοισι
628 770 754 846 οὐδαμῶν
785 771 965 848 ἐλειπόμεθα.

165 855 230 916 ἀλλ’
245 857 277 916 ού
286 857 341 938 γάρ
352 882 380 916 τι
390 858 504 936 προέχει
513 855 617 917 τούτων
626 853 840 932 ἐπιμεμνῆσθαι*
855 859 901 920 καὶ
910 858 966 939 γάρ

165 942 201 1004 ἂν
213 945 334 1024 χρηστοὶ
347 944 411 1004 τότε
429 945 518 1008 ἐόντες
537 944 618 1004 ῶύτοὶ
636 949 684 1004 νῦν
697 943 731 1004 ἂν
745 945 798 1015 εἶεν
811 945 966 1021 φλαυρότε-

165 1059 218 1110 ροι,
235 1033 281 1092 καὶ
298 1031 362 1092 τότε
381 1032 470 1096 ἐόντες
488 1037 610 1110 φλαῦροι
630 1035 678 1091 νῦν
696 1030 730 1092 ἂν
749 1032 802 1092 εἶεν
816 1031 965 1108 ἀμείνονες.

164 1125 293 1180 παλαιῶν
305 1121 358 1196 μέν
371 1146 419 1180 νυν
433 1122 518 1201 ἔργων
537 1118 600 1184 ἅλις
617 1113 696 1180 ἔστω.
717 1119 787 1197 ἡμῖν
800 1119 830 1178 δὲ
844 1124 868 1178 εἰ
880 1121 966 1196 μηδὲν

167 1207 241 1268 ἄλλο
261 1208 322 1268 ἐστὶ
339 1206 565 1289 ἀποδεδεγμένον,
581 1207 675 1284 ῶσπερ
691 1208 752 1266 ἐστὶ
765 1205 863 1265 πολλά
875 1232 906 1265 τε
920 1207 967 1266 καὶ

165 1294 195 1354 εὖ
212 1296 311 1375 ἔχοντα
325 1298 348 1354 εί
363 1295 453 1356 τέοισι
467 1295 513 1354 καὶ
527 1294 644 1354 άλλοισι
657 1293 810 1369 Ἑλλήνων,
824 1293 901 1352 άλλοὶ
919 1294 966 1352 καὶ

164 1381 222 1443 άπδ
242 1388 292 1444 τοῦ
312 1388 341 1444 ἐν
362 1385 515 1461 Μαραθῶνι
536 1385 617 1465 ἔργου
637 1383 712 1453 άξιοί
731 1387 806 1460 εἰμεν
826 1385 909 1440 τοῦτο
931 1377 965 1442 τῶ

164 1472 249 1549 γέρας
268 1472 348 1550 ἔχειν,
370 1472 416 1530 καὶ
436 1471 518 1531 ἄλλα
532 1471 602 1548 πρός
621 1469 718 1549 τούτῳ·
748 1470 845 1534 οἵτινες
868 1472 966 1544 μοῦνοι

165 1558 310 1633 Ἑλλήνων
326 1558 360 1633 δή
374 1559 640 1637 μουνομαχήσαντες
655 1561 693 1636 τῷ
709 1557 818 1636 Πέρσῃ,
834 1555 879 1614 καὶ
896 1559 965 1638 ἔργῳ

164 1645 290 1725 τοσούτῳ
309 1644 542 1724 ἐπιχειρήσαντες,
566 1643 787 1725 περιεγενόμεθα,
812 1645 857 1703 καὶ
879 1645 965 1721 ἐνική·

161 1757 256 1808 σαμεν
278 1732 356 1792 ἔθνεα
379 1733 411 1801 ἐξ
434 1758 466 1793 τε
489 1734 535 1792 καὶ
556 1730 772 1809 τεσσεράκοντα.
800 1730 843 1810 ἆρ’
868 1731 900 1792 ού
927 1733 964 1792 δί·

160 1820 242 1879 Ικαιοί
274 1823 348 1898 εἶμεν
374 1821 447 1900 ἐχειν
460 1820 576 1904 ταύτην
601 1818 653 1896 τήν
679 1819 758 1891 τάξιν
783 1819 839 1880 άπό
865 1820 965 1882 τούτου

164 1908 267 1984 μούνου
295 1911 345 1968 τοῦ
374 1909 467 1987 ἐργου;
503 1907 568 1968 ἀλλ’
597 1907 629 1968 ού
658 1908 713 1990 γάρ
743 1913 772 1968 ἐν
799 1912 838 1987 τῷ
869 1909 965 1989 τοιῷδε

165 1995 258 2066 τάξιος
279 1997 368 2056 εἵνεκα
389 1989 551 2069 στασιάζειν
570 1997 678 2074 πρέπει,
699 1994 792 2074 ἅρτιοί
809 1999 884 2074 εἶμεν
907 1998 965 2058 πεί-

165 2085 266 2145 θεσθαι
283 2084 356 2161 ύμῖν,
371 2083 392 2143 ὦ
410 2085 631 2163 Λακεδαιμόνιοι,
648 2085 691 2145 ἵνα
709 2085 797 2144 δοκέει
821 2085 966 2160 ἐπιτηδεύ-

164 2191 248 2232 τατον
261 2171 349 2249 ήμέας
363 2172 431 2232 εἶναι
444 2173 567 2243 ἑστάναι,
582 2174 628 2232 καὶ
642 2172 700 2232 κατ’
715 2172 853 2236 οίστινας·
874 2172 965 2250 πάντη

164 2259 219 2339 γάρ
240 2260 404 2340 τεταγμένοι
426 2260 618 2338 πειρησόμεθα
643 2259 711 2319 εἶναι
733 2260 862 2338 χρηστοί.
905 2261 965 2338 ἐξη-

163 2346 264 2427 γέεσθε
283 2345 312 2403 δὲ
331 2345 366 2409 ῶς
384 2346 582 2424 πεισομένων.”
597 2349 623 2405 οἶ
635 2348 687 2422 μὲν
699 2349 787 2405 ταῦτα
800 2342 965 2421 α’μείβοντο·

165 2432 388 2510 Λακεδαιμονίων
410 2435 439 2494 δέ
465 2434 592 2512 ἀνέβωσε
613 2431 688 2492 ἅπαν
713 2431 746 2492 τὰ
774 2431 965 2508 στρατόπεδον
1045 2495 1051 2506 ,

165 2517 328 2596 Ἀθηναίους
341 2519 558 2598 ἀξιονικοτέρους
575 2519 643 2580 εἶναι
661 2519 732 2598 ἐχειν
750 2519 784 2579 τὸ
798 2517 879 2596 κέρας
891 2519 964 2600 ἥπερ

158 2606 309 2684 -Ἀρκάδας
351 2608 421 2668 οὕτω
441 2609 475 2684 δή
495 2610 579 2687 ἔσχον
595 2609 622 2666 οἱ
638 2599 789 2684 Ἀθήναῖοι,
804 2607 850 2666 καὶ
866 2607 963 2688 ὑπερε-

163 2695 289 2772 βάλοντο
302 2696 366 2758 τούς
379 2695 525 2776 Τεγεήτας.
629 2767 632 2773 ,

117 2784 155 2842 28
204 2782 286 2843 Μετά
306 2783 450 2852 δὲταῦτα,
472 2781 629 2843 ἐτάσσοντο
649 2779 701 2844 ὧδε
721 2785 748 2844 οἱ
769 2784 963 2860 ἐπιφοιτῶντές

165 2896 196 2930 τε
217 2871 262 2929 καὶ
284 2872 310 2928 οἱ
328 2867 419 2948 α’ρχήν
436 2869 563 2934 ἐλθόντες
579 2869 733 2949 Ἑλλήνων·
754 2871 786 2934 τά
804 2873 856 2949 μὲν
873 2870 963 2940 δεξιάν

165 2958 244 3035 κέρας
263 2957 338 3036 εἶχον
358 2957 582 3036 Λακεδαιμονίων
602 2958 705 3038 μύριοι·
725 2959 829 3032 τούτων
849 2956 879 3018 δέ
898 2957 962 3024 τούς

157 3045 414 3125 πεντακισχιλίους,
448 3045 542 3110 ἐόντας
575 3048 759 3125 Σπαρτιήτας,
793 3044 962 3124 ἐφύλασσον

163 3132 243 3209 ψιλοὶ
262 3136 317 3192 τῶν
335 3134 468 3196 εἱλωτέων
483 3137 708 3217 πεντακισχίλιοι
728 3136 774 3196 καὶ
793 3131 960 3212 τρισμύριοι,

163 3217 226 3293 περὶ
247 3217 334 3297 ἄνδρα
355 3221 474 3284 ἕκαστον
500 3223 571 3284 ἑπτά
592 3224 765 3306 τεταγμένοι.
804 3220 961 3300 προσεχέας
