2204 3430
184 104 215 150 54
489 94 672 144 ‘HPOAO'POT
936 95 973 160 [V

180 179 251 240 κατὰ
264 179 300 238 τοὶ
314 175 487 252 συνεθήκατο
501 178 539 252 τῷ
552 173 719 251 ύπασπιστῇ
733 175 808 234 παίει
822 177 984 252 προσφερό-

177 293 262 344 μενον
290 265 372 325 αὐτόν
397 264 446 324 τόν
469 263 629 339 Ἀρτύβιον·
662 262 850 338 ἐπιβαλόντος
880 263 908 321 δὲ
936 267 985 323 τοῦ

179 357 264 414 ἵππου
274 353 338 416 τούς
349 353 435 414 πόδας
450 352 495 410 ε’πὶ
508 351 558 425 τήν
571 351 725 426 Ὀνησίλου
737 349 852 419 ἀσπίδα,
868 353 984 410 ε’νθαῦτα

178 445 193 504 ὁ
215 444 278 520 Καὶρ
300 442 421 521 δρεπάνῳ
442 441 552 516 πλήξας
568 439 730 516 ἀπαράσσει
748 444 797 500 τοῦ
818 439 905 498 ἵππου
922 441 984 504 τούς

178 532 273 594 πόδας.
302 529 451 607 Ἀρτύβιος
464 531 515 606 μὲν
529 530 562 605 δή
577 528 593 588 ό
607 529 764 610 στρατηγός
777 533 831 589 τῶν
847 531 983 606 Περσέων

132 623 188 680 113
199 620 269 696 ὁμοῦ
282 625 319 698 τῷ
330 621 403 700 ἵππῳ
413 621 509 678 πίπτει
525 618 609 678 αὐτοῦ
623 618 718 696 ταύτῃ.
761 619 939 697 Μαχομένων
955 621 983 679 δὲ

178 711 223 767 καὶ
243 713 297 768 τῶν
317 709 420 780 ἄλλων,
443 708 603 784 Στησήνωρ,
624 706 756 782 τύραννος
777 706 827 766 ε’ὢν
850 714 982 784 Κουρίου,

177 798 304 873 προδιδοῖ
311 799 380 877 ἔχων
388 797 502 874 δύναμιν
511 795 616 873 ἀνδρῶν
625 795 689 871 περὶ
698 795 797 869 ἑωυτόν
806 795 838 864 αὖ
849 798 982 873 σμικρήν·

177 888 215 964 (οἱ
224 887 252 945 δὲ
261 887 392 964 Κουριέες
401 883 476 946 οὗτοι
485 885 615 966 λέγονται
627 883 696 944 εἶναι
705 883 838 964 Ἀργείων
847 883 982 968 ἄποικον)

175 974 332 1051 προδόντων
351 975 381 1034 δὲ
395 978 450 1035 τῶν
470 974 619 1051 Κουριέων,
634 971 734 1032 αύτίκα
747 973 793 1031 καὶ
805 971 842 1032 τοὶ
856 974 982 1051 Σαλαμι-

175 1063 238 1122 νίων
258 1063 467 1140 πολεμιστήρια
487 1056 599 1139 ἅρματα
618 1059 707 1120 τῶυτδ
730 1063 808 1120 τοῖσι
829 1066 981 1138 Κουριεῦσι

178 1151 277 1210 ε’ποίεε·
297 1151 449 1232 γινομένων
465 1150 495 1208 δὲ
512 1147 625 1218 τούτων,
642 1149 839 1226 κατυπέρτεροι
859 1147 934 1224 ἦσαν
954 1155 981 1210 οἶ

175 1239 288 1315 Πέρσαι
299 1243 354 1298 τῶν
368 1237 510 1313 Κυπρίων.
551 1236 785 1314 τετραμμένουδὲ
797 1241 848 1296 τοῦ
861 1263 979 1315 στρατο-

175 1326 269 1394 πέδου,
283 1325 369 1384 ιίλλοι
382 1350 414 1384 τε
428 1325 530 1384 ἔπεσον
542 1325 648 1383 πολλοὶ
662 1323 708 1382 καὶ
737 1323 755 1400 ή
770 1325 815 1384 καὶ
827 1323 980 1401 Ὀνήσιλός

175 1439 206 1472 τε
220 1413 236 1472 ὁ
249 1413 379 1490 Χέρσιος,
391 1411 481 1489 ὅσπερ
491 1411 544 1487 τήν
556 1411 688 1489 Κυπρίων
696 1411 859 1473 α’πύστασιν
869 1413 991 1491 ἔπρηξε,-

176 1501 222 1559 καὶ
236 1501 252 1560 ὁ
267 1501 375 1566 Σολίων
385 1499 524 1576 βασιλεύς
533 1498 754 1578 Ἀριστόκυπρος
764 1499 780 1560 ό
791 1501 979 1579 Φιλοκύπρου,

175 1588 365 1667 (Φιλοκύπρου
393 1586 423 1646 δὲ
447 1586 556 1658 τούτου,
581 1587 631 1648 τόν
659 1587 756 1651 Σόλων
790 1587 806 1648 ό
832 1588 981 1666 Ἀθηναῖος

176 1675 394 1753 αἷπικύμενοςές
418 1675 535 1752 Κύπρον
562 1680 591 1736 ε’ν
619 1677 698 1735 ἔπεσι
725 1678 819 1736 αἴνεσε
841 1677 981 1754 τὐρυίννων

128 1767 186 1824 114
195 1764 345 1844 μάλιστα.)
355 1762 510 1841 Ὀνησίλου
517 1764 569 1842 μέν
579 1790 626 1825 νυν
635 1762 878 1842 Ἀμαθοΰσιοι,ὅτι
886 1769 981 1844 σφέας

175 1851 368 1929 ἐπολιόρκησε,
383 1851 574 1929 ἀποταμόντες
590 1851 642 1928 τήν
658 1853 786 1929 κεφαλήν
803 1853 938 1930 ε’κόμισαν
951 1861 980 1920 ές

118 1989 120 1992 .
172 1939 358 2018 Ἀμαθοῦντα,
373 1941 421 2000 καί
432 1967 480 2018 μιν
497 1940 690 2019 ἀνεκρέμασαν
707 1941 777 2019 ύπὲρ
790 1945 844 2002 τῶν
858 1945 978 2006 πυλέων·

174 2031 346 2108 κρεμαμένης
366 2030 396 2090 δὲ
415 2033 466 2105 τῆς
482 2033 609 2105 κεφαλῆς
625 2029 671 2088 καὶ
686 2029 740 2106 ἤδη
756 2031 857 2106 εὀύσης
873 2032 978 2108 κοίλης,

174 2117 261 2194 ἔσμός
284 2119 445 2195 μελισσέων
469 2117 551 2180 ε’σδύς
574 2121 602 2180 ές
623 2117 717 2194 αὐτὴν,
740 2119 841 2195 κηρίων
859 2145 909 2196 μιν
936 2126 979 2181 έν·

173 2206 291 2282 έπλησε·
310 2206 410 2266 τούτου
424 2206 454 2264 δὲ
466 2206 616 2284 γενομένου
628 2205 762 2276 τοιούτου,
777 2207 911 2285 ἐχρέωντο
920 2208 978 2290 γαῖρ

172 2286 237 2371 περὶι
257 2294 342 2370 αὐτῆς
358 2297 384 2352 οἱ
401 2291 596 2374 Ἀμαθούσιοι,
616 2292 769 2370 ἐμαντεύθη
787 2300 843 2370 σφι
861 2294 912 2371 τήν
924 2299 979 2373 μὲν

174 2382 302 2458 κεφαλήν
323 2379 490 2442 κατελόντας
511 2379 608 2457 θάψαι,
628 2379 772 2462 Ὀνησίλῳ
793 2382 823 2441 δὲ
845 2383 920 2444 θύειν
941 2384 979 2450 ὥς

172 2469 241 2546 ἥρωϊ
258 2467 310 2527 α’νοῖ
328 2471 384 2526 πᾶν
403 2467 471 2533 ἔτος.
494 2467 543 2526 καί
558 2474 613 2544 σφι
631 2473 743 2529 ποιεῦσι
762 2474 849 2530 ταῦτα
863 2469 978 2548 ἄμεινον

173 2556 369 2616 συνοίσεσθαι.
409 2552 593 2632 Ἀμαθούσιοι
613 2557 665 2634 μέν
685 2583 733 2618 νυν
757 2559 865 2618 ε’ποίευν
888 2564 978 2622 ταῦτα

127 2648 184 2703 115
194 2643 240 2700 καὶ
253 2641 285 2702 τό
299 2642 382 2720 μέχρι
396 2646 470 2720 ε’μεῦ.
495 2641 587 2708 Ἴωνες
597 2645 627 2704 δὲ
638 2648 665 2705 οἱ
676 2650 705 2705 έν
715 2645 822 2726 Κύπρῳ
833 2649 978 2727 ναυμαχή·

173 2755 281 2801 σαντες,
300 2732 362 2790 ε’πεί
374 2757 404 2790 τε
423 2732 527 2808 ἔμαθον
544 2733 579 2793 τό
598 2733 751 2816 πρήγματα
766 2733 802 2794 τυὶ
820 2733 977 2812 Ὀνησίλου

173 2819 363 2897 διεφθαρμένα
377 2821 422 2879 καὶ
432 2819 482 2884 τοὶς
492 2820 593 2886 πόλιας
603 2826 658 2883 τῶν
669 2815 977 2902 Κυπρίωνδπολιορκευ·

172 2909 258 2989 μένας
274 2908 324 2972 τᾶς
337 2907 428 2972 ἄλλας
441 2909 518 2984 πλήν
532 2911 700 2988 Σαλαμῖνος,
717 2913 820 2989 ταύτην
833 2913 863 2972 δὲ
877 2914 978 2997 Γόργῳ

171 3002 210 3080 τῷ
228 2999 352 3078 προτέρῳ
368 2999 490 3075 βασιλέϊ
504 2998 569 3062 τούς
586 3001 771 3078 Σαλαμινίους
791 3003 977 3079 παραδόντας,

171 3089 270 3150 αὐτίκα
289 3087 425 3166 μαθόντες
445 3090 472 3148 οἱ
487 3085 579 3152 Ἴωνες
599 3093 686 3150 ταῦτα
706 3089 856 3150 ἀπέπλωον
877 3096 904 3155 ἐς
924 3093 979 3170 τήν

170 3179 286 3257 Ἰωνίην.
326 3181 382 3241 τῶν
397 3177 428 3238 δὲ
444 3183 473 3246 ἐν
489 3176 595 3258 Κύπρῳ
614 3178 721 3239 πολίων
734 3176 855 3257 ἀντέσχε
872 3180 979 3258 χρόνον

170 3269 217 3332 ἐπὶ
235 3272 372 3332 πλεῖστον
390 3267 613 3348 πολιορκευμένη
630 3266 728 3334 Σόλοι·
748 3263 802 3341 τήν
814 3266 896 3344 πέριξ
908 3267 979 3331 ύπο-
