2294 3430
164 44 211 91 188
468 42 652 92 Ἥνοιοτοι
879 43 957 110 [vn.
1123 69 1134 120 4

114 122 169 180 165
198 122 318 203 Λέγεται
327 121 357 181 δὲ
370 120 416 180 καὶ
428 119 495 182 τάδε
503 119 559 180 ύπῦ
569 120 788 201 τῦνένΣικελίῃ
798 123 957 200 οἰκημένων,
1133 127 1134 130 ’

152 203 195 272 ῦς
208 208 281 285 ὅμως
299 210 343 267 καὶ
360 208 473 285 μέλλων
485 207 624 286 ἄρχεσθαι
637 207 691 268 ῦπδ
705 208 928 286 Λακεδαιμονίων
942 211 958 272 ὁ

159 298 253 356 Γέλων
267 295 410 372 ἐβοήθησε
423 294 458 355 ἂν
469 300 545 354 τοῖσι
552 295 688 372 Ἕλλησι,
703 299 727 356 εἰ
739 295 779 373 μή
792 296 847 356 ύπδ
862 296 957 376 Θήρω-

158 410 204 448 νος
221 389 271 444 τοῦ
289 383 480 460 Αἰνησιδήμου
495 381 716 465 Ἀκραγαντίνων
731 383 890 465 μουνάρχου
904 386 959 458 ἐξε-

158 473 279 536 λασθεὶς
293 473 324 541 ἐξ
338 471 447 550 Ἱμέρης
464 470 604 547 Τήριλλος
617 471 633 532 ὁ
646 471 812 549 Κρινίππου,
828 472 959 550 τύραννος

159 558 210 619 ε’ὦν
232 559 350 638 Ἱμέρης,
376 563 462 641 ἐπῆγε
482 557 528 618 ἀπ’
552 557 636 620 αι’ντδν
658 559 707 620 τᾶν
733 559 835 638 χρόνον
859 565 958 623 τοῦτον

158 649 291 708 Φοινίκων
311 648 357 706 καὶ
376 647 491 720 Λιβύων
512 647 557 706 καὶ
576 645 696 724 Ἰβήρων
716 649 762 706 καὶ
782 647 891 728 Λιγύων
911 650 958 708 καὶ

157 734 313 795 Ἐλισύκων
336 735 382 794 καὶ
407 735 563 812 Σαρδονίων
586 735 631 793 καὶ
659 735 784 811 Κυρνίων
809 735 958 810 τριήκοντα

156 824 299 900 μυριάδας,
313 824 359 882 καὶ
372 821 531 902 στρατηγόν
545 821 634 882 αὐτῶν
645 821 784 898 Ἀμίλκαν
797 820 957 884 τδνἈννω-

157 936 204 975 νος
228 911 425 990 Καρχηδονίων
449 910 529 970 ε’όντα
549 910 685 986 βασιλέα·
715 909 785 968 κατά
806 909 906 986 ξεινίην
925 937 957 971 τε

157 998 208 1076 τήν
223 1003 322 1058 ἑωυτοῦ
337 998 353 1058 ά
371 998 512 1076 Τήριλλος
527 997 697 1078 ἀναγνιύσας,
712 997 758 1058 καὶ
769 996 897 1073 μάλιστα
910 997 956 1057 διά

156 1087 208 1162 τήν
223 1086 374 1156 Ἀναξίλεω
392 1090 442 1146 τοῦ
461 1086 603 1163 Κρητίνεω
618 1085 783 1162 προθυμίην,
797 1083 827 1148 δς
843 1085 955 1166 Ῥηγίου

157 1175 208 1235 εὀλν
221 1173 405 1252 τύραννος,τά
419 1177 520 1234 ἑωυτοῦ
532 1175 613 1233 τέκνα
626 1172 689 1236 δούς
701 1171 822 1250 ὁμήρους
833 1171 955 1252 Ἀμίλκᾳ

157 1265 245 1344 ε’πῆγέ
263 1281 312 1341 μιν
328 1264 373 1321 ε’πὶ
388 1263 439 1337 τήν
456 1262 593 1336 Σικελίην,
609 1261 747 1338 τιμωρέων
765 1263 804 1340 τῷ
822 1263 953 1342 πενθερῷ·

157 1351 299 1427 Τηρίλλου
319 1349 374 1431 γάρ
394 1349 450 1428 εἶχε
468 1350 606 1430 θυγατέρα
620 1347 786 1418 Ἀναξίλεως
800 1353 836 1428 τῇ
850 1349 953 1428 ούνομα

156 1436 191 1513 ἦν
205 1438 346 1513 Κυδίππη
361 1436 430 1504 οὕτω
444 1436 477 1512 δή
492 1435 541 1495 ούκ
555 1435 614 1496 οἶόν
626 1462 657 1496 τε
666 1435 814 1516 γενόμενον
823 1439 953 1514 βοηθέειν

156 1523 206 1584 τάν
222 1526 334 1585 Γέλωνα
352 1527 428 1583 τοῖσι
441 1522 577 1600 Ἕλλησι,
592 1522 768 1602 ἀποπέμπειν
781 1529 808 1587 ε’ς
821 1527 952 1602 Δελφούς

111 1612 211 1672 166τά
224 1613 364 1691 χρήματα.
396 1611 474 1688 Πρδς
487 1613 516 1672 δὲ
530 1613 575 1672 καὶ
587 1613 653 1672 τάδε
662 1614 787 1694 λέγουσι,
800 1612 835 1676 ὦς
844 1615 952 1691 συνέβη

155 1703 205 1775 τῆς
232 1699 316 1774 αὐτῆς
341 1699 445 1782 ἡμέρης
472 1701 500 1760 έν
522 1727 554 1760 τε
575 1705 610 1779 τῇ
634 1701 748 1780 Σικελίῃ
771 1701 882 1760 Γέλωνα
905 1704 951 1761 καὶ

156 1787 272 1863 Θήρωνα
293 1791 372 1846 νικᾶν
397 1785 535 1863 Ἀμίλκαν
560 1787 609 1848 τάν
633 1788 833 1868 Καρχηδόνιον,
857 1789 901 1848 καὶ
923 1795 952 1850 ἔν

156 1875 295 1952 Σαλαμῖνι
306 1873 522 1951 τοῦςἝλληνας
534 1874 583 1936 τόν
596 1877 722 1953 Πέρσην·
742 1874 791 1936 τόν
807 1875 836 1934 δὲ
853 1874 951 1952 Ἀμίλ-

155 1989 206 2024 καν
228 1962 421 2044 Καρχηδόνιον
445 1962 525 2023 ε’όντα
546 1963 616 2041 πρδς
636 1963 740 2040 πατρὸς
760 1963 899 2040 μητρόθεν
921 1963 951 2024 δὲ

156 2052 353 2130 Συρηκούσιον,
380 2050 594 2128 βασιλεύσαντά
624 2079 655 2112 τε
681 2050 738 2110 κατ’
766 2050 951 2132 ἀνδραγαθίην

155 2141 360 2220 Καρχηδονίων,
389 2139 424 2203 ὥς
449 2138 468 2214 ή
496 2137 632 2215 συμβολή
657 2153 689 2198 τέ
714 2138 818 2218 ε’γίνετο
845 2139 891 2198 καὶ
916 2140 951 2204 (ῦς

155 2231 275 2286 ἑσσοῦτο
296 2231 332 2305 τῇ
355 2225 441 2306 μάχῃ,
464 2225 654 2302 ἀφανισθῆναι
677 2225 860 2303 πυνθάνομαι·
888 2227 951 2288 οῦτε

153 2315 208 2394 γάρ
229 2315 316 2384 ζῶντα
336 2313 398 2372 οὔτε
418 2311 594 2374 ἀποθανόντα
614 2317 735 2389 φανῆναι
755 2313 876 2390 ούδαμοῦ
888 2341 957 2396 γης·

109 2401 206 2463 167τδ
227 2405 284 2460 πᾶν
298 2402 353 2482 γάρ
373 2401 531 2471 ἐπεξελθεῖν
549 2401 691 2478 διζήμενον
707 2404 828 2462 Γέλωνα.
864 2401 950 2463 Ἔστι

155 2489 184 2548 δὲ
203 2487 249 2548 ἀπ’
270 2487 358 2548 αύτιῦν
378 2489 577 2568 Καρχηδονίων
597 2489 643 2550 ὅδε
663 2489 678 2549 ὁ
699 2489 783 2570 λόγος
799 2489 951 2570 λεγόμενος

155 2575 238 2636 εἰκότι
251 2577 419 2655 χρεωμένων,
429 2575 463 2640 ὥς
477 2579 504 2636 οἶ
516 2578 567 2654 μὶν
580 2576 725 2654 βάρβαροι
737 2581 814 2636 τοῖσι
821 2577 950 2654 Ἕλλησι

155 2669 184 2724 έν
206 2667 242 2743 τῇ
266 2665 379 2744 Σικελίῃ
401 2663 539 2744 ἐμάχοντο
560 2665 591 2734 ἔξ
610 2664 677 2740 ήοῦς
698 2663 847 2742 ἀρξάμενοι
866 2666 950 2745 μέχρι

154 2751 247 2828 δείλης
271 2751 362 2830 ὀψίης·
383 2752 441 2832 (ἐπὶ
465 2757 586 2812 τοσοῦτο
611 2751 667 2833 γάρ
694 2752 805 2834 λέγεται
832 2753 950 2826 ἑλκύσαι

151 2837 203 2916 τήν
224 2839 386 2922 σύστασιν)
409 2840 425 2900 ὁ
446 2840 476 2900 δὲ
493 2839 629 2916 Ἀμίλκας
650 2844 679 2898 ε’ν
699 2838 787 2919 τούτῳ
803 2843 842 2919 τῷ
858 2839 950 2920 χρόνῳ

48 2941 51 2947 ’
152 2929 241 3004 μένων
262 2933 291 2990 έν
313 2932 351 3008 τῷ
374 2927 552 3006 στρατοπέδῳ
574 2925 668 2986 ε’θύετο
690 2928 736 2986 καὶ
762 2928 948 3004 ε’καλλιρέετο,

153 3016 198 3073 ε’πὶ
211 3019 300 3094 πυρῆς
316 3016 441 3097 μεγάλης
459 3012 577 3090 πύματα
594 3012 648 3074 ὅλα
665 3014 824 3096 καταγίζων,
838 3015 901 3076 ίδιῦν
919 3015 949 3074 δὲ

151 3103 258 3178 τροπήν
272 3107 328 3164 τῶν
342 3105 443 3163 ε’ωυτοῦ
459 3100 614 3182 γινομένην,
631 3098 666 3164 ὥς
682 3101 760 3180 ἔτυχε
776 3101 948 3162 ἐπισπένδων

173 3191 228 3248 Ἰἳσι
245 3193 340 3267 ἱροῖσι,
354 3188 411 3250 ιῦσε
429 3186 528 3249 ἑωυτόν
546 3191 573 3251 ἐς
587 3185 620 3248 τά
635 3189 701 3266 πῦρ·
725 3186 795 3248 ούτω
813 3187 846 3264 δή
865 3213 946 3248 κατα-
