2280 3432
164 97 211 144 2⁵2
470 95 653 145 ἨΡΟΔΟΤΟΤ
868 93 962 158 [VIII.

115 177 153 234 85
203 175 287 235 Κατοὶ
319 177 371 252 μὲν
400 174 434 250 δή
459 173 623 248 Ἀθηναίους
649 173 800 252 ἐτετάχατο
829 177 963 239 Φοίνικες·

164 260 240 324 οὗτοι
252 262 308 343 γάρ
327 261 403 340 εἶχον
417 260 451 321 τό
468 262 537 338 πρὸς
550 260 712 322 Ἐλευσῖνός
731 286 762 319 τε
780 261 826 319 καὶ
845 264 964 340 ἑσπέρης

165 351 254 426 κέρας·
296 349 366 408 κατά
392 349 421 408 δέ
443 349 685 426 Λακεδαιμονίους,
704 347 806 413 Ἴωνες·
841 348 964 410 οὗτοιδ

165 437 242 516 εἶχον
257 437 290 498 τό
304 437 373 515 πρός
390 437 442 513 τήν
459 436 500 512 ήῶ
517 463 549 498 τε
566 438 612 496 καὶ
627 437 676 497 τόν
692 438 835 516 Πειραιέα·
870 439 964 499 ἐθελο·

166 525 264 586 κάκεον
276 527 372 603 μέντοι
385 525 474 585 αὐτῶν
488 524 558 584 κατὰ
569 524 620 588 τάς
630 526 838 602 Θεμιστοκλέος
851 527 965 591 ἐντολάς

165 612 267 694 ὀλίγοι·
301 615 328 672 οἱ
350 613 380 672 δὲ
405 617 522 676 πλεῦνες
546 613 587 672 οὔ.
629 615 683 692 ἔχω
706 614 758 689 μέν
783 640 830 674 νυν
854 619 966 693 συχνῶν

166 700 307 778 οὐνόματα
319 701 492 780 τριηράρχων
503 701 652 770 καταλέξαι
661 704 716 760 τῶν
726 705 794 777 νῆας
799 701 966 778 Ἑλληνίδας
1033 769 1038 778 ,

167 788 294 849 ἐλόντων·
317 789 462 869 χρήσομαι
478 789 507 848 δέ
525 788 636 848 αὐτοῖσι
652 787 739 858 οὐδὲν,
759 793 836 864 πλήν
858 790 965 867 Θεομή-

168 877 270 954 στορός
295 903 326 938 τε
352 881 403 938 τοῦ
425 877 663 954 Ἀνδροδάμαντος
687 877 733 935 καὶ
760 876 890 936 Φυλάκου
913 882 964 938 τοῦ

166 964 307 1041 Ἱστιαίου,
321 967 432 1044 Σαμίων
445 965 619 1042 ἀμφοτέρων.
653 968 704 1024 τοῦ
718 965 747 1024 δέ
761 965 849 1024 εἵνεκα
862 966 966 1042 μέμνη-

166 1079 218 1130 μαι
237 1054 340 1114 τούτων
360 1054 476 1130 μούνων,
490 1052 533 1113 ὅτι
554 1051 725 1129 Θεομήστωρ
745 1055 798 1129 μὲν
818 1052 862 1112 διά
882 1057 966 1114 τοῦτο

166 1141 199 1202 τό
220 1142 301 1222 ἔργον
322 1141 419 1219 Σάμου
440 1141 626 1217 ἐτυράννευσε,
648 1139 885 1215 καταστησάντων
910 1145 966 1201 τῶν

168 1231 310 1306 Περσέων·
324 1229 453 1293 Φύλακος
466 1229 495 1288 δέ
508 1229 650 1310 εὐεργέτης
659 1229 799 1304 βασιλέος
811 1227 965 1309 ἀνεγράφη,

168 1317 214 1376 καὶ
231 1317 309 1397 χάρη
328 1321 355 1377 οἱ
375 1317 498 1394 ἐδωρήθη
518 1316 624 1391 πολλή.
667 1319 694 1376 οἱ
716 1315 739 1374 δ’
758 1314 897 1396 εὐεργέται
916 1321 967 1376 τοῦ

119 1405 158 1464 86
167 1406 306 1481 βασιλέος
335 1404 492 1484 ὀροσάγγαι
522 1404 669 1464 καλέονται
699 1403 850 1480 Περσιστί.
893 1403 965 1481 Περὶ

166 1493 219 1568 μέν
232 1518 280 1552 νυν
293 1491 406 1554 τούτους
419 1489 489 1550 οὕτω
506 1489 572 1569 εἶχε·
603 1491 636 1550 τά
656 1491 685 1550 δὲ
703 1492 814 1565 πλῆθος
826 1495 881 1551 τῶν
894 1495 966 1567 νηῶν

167 1584 196 1638 ἐν
217 1584 254 1657 τῇ
275 1580 415 1654 Σαλαμῖνι
436 1579 596 1654 ἐκεραΐζετο,
622 1582 651 1637 αἶ
673 1580 724 1655 μὲν
748 1577 793 1636 ὕπ’
814 1577 967 1654 Ἀθηναίων

169 1664 395 1742 διαφθειρόμεναι
409 1668 438 1724 αἱ
451 1665 480 1724 δέ
497 1663 552 1726 θπδ
571 1666 748 1746 Αἰγινητέων·
778 1665 827 1726 ἅτε
843 1666 897 1747 γάρ
912 1669 967 1726 τῶν

166 1755 218 1830 μέν
231 1751 375 1828 Ἑλλήνων
388 1753 442 1814 aar
455 1752 552 1832 κόσμῳ
569 1753 781 1833 ναυμαχεόντων
797 1753 867 1813 κατά
879 1753 966 1824 τάξιν,

167 1845 222 1901 τῶν
241 1841 270 1900 δὲ
288 1842 444 1919 βαρβάρων
464 1841 496 1902 οὐ
513 1842 685 1922 τεταγμένων
701 1843 749 1912 ἔτι,
767 1840 830 1901 οὔτε
848 1841 902 1901 σδν
914 1841 967 1920 νόῳ

167 1929 316 1990 ποιεόντων
340 1928 425 2000 οὐδὲν,
454 1929 556 2006 ἔμελλε
575 1929 685 1990 τοιοῦτό
706 1935 762 2005 σφι
783 1929 967 1988 συνοίσεσθαι

169 2016 280 2095 οἷόνπερ
307 2016 411 2095 α’πέβη·
454 2018 543 2076 καίτοι
567 2016 648 2123 ἦσάν
678 2042 711 2099 γε
743 2016 801 2098 [καὶ
829 2016 966 2098 ἐγένοντο]

168 2104 270 2182 ταύτην
289 2105 341 2182 τήν
360 2105 466 2182 ἡμέρην
485 2108 582 2184 μακρῷ
602 2104 742 2182 ἀμείνονες
758 2103 837 2166 αυτοὶ
854 2108 966 2174 ἐωυτῶν,

168 2191 202 2275 [ἢ
211 2194 281 2272 πρδς
293 2192 426 2273 Εὐβοίη]
439 2197 493 2256 πᾶς
505 2219 547 2256 τις
559 2191 784 2269 προθυμεόμενος
799 2217 846 2252 και
835 2192 967 2267 δειμαί-

169 2307 223 2341 νων
241 2281 357 2357 Ξέρξην·
395 2279 486 2340 ἐδόκεέ
504 2305 535 2341 τε
555 2282 673 2343 ἕκαστος
693 2277 792 2338 ἑωυτόν
813 2277 968 2352 θεήσεσθαι

168 2369 304 2445 βασιλέα.

121 2459 158 2514 87
210 2455 292 2516 Κατὰ
305 2459 356 2534 μέν
376 2457 410 2535 δή
427 2457 491 2522 τοὺς
509 2459 622 2532 ἄλλους,
637 2455 686 2517 οὐκ
705 2456 758 2534 ἔχω
775 2453 968 2533 μετεξετέρους

169 2548 255 2604 εἰπεῖν
274 2543 414 2622 ἀτρεκέως,
435 2545 471 2609 οἷς
491 2546 602 2604 ἔκαστοι
623 2547 678 2604 τῶν
697 2542 855 2620 βαρβάρων
875 2541 894 2618 ἢ
913 2548 968 2603 τῶν

168 2631 313 2709 Ἐλλήνων
334 2633 509 2714 ήγωνίζοντο·
545 2631 614 2690 κατά
641 2631 671 2690 δὲ
694 2629 875 2707 Ἀρτεμισίην
901 2630 967 2690 τάδε

169 2721 286 2800 ἐγένετο,
311 2719 358 2781 ἀπ’
380 2719 417 2780 ὦν
438 2719 602 2795 εὐδοκίμησε
622 2721 736 2796 μᾶλλον
757 2719 796 2779 ἔτι
816 2718 892 2795 παρά
912 2720 967 2795 βα-

169 2809 257 2868 σιλέϊ·
285 2808 378 2882 ἐπειδή
398 2806 453 2887 γάρ
475 2812 502 2870 ἐς
523 2806 646 2884 θόρυβον
666 2806 778 2868 πολλόν
798 2806 913 2866 ἀπίκετο
933 2802 969 2866 τά

167 2895 306 2972 βασιλέος
326 2893 485 2974 πρήγματα,
508 2899 536 2954 ἐν
556 2895 644 2977 τούτῳ
663 2900 702 2976 τῷ
722 2899 807 2976 καιρῷ
826 2895 845 2971 ή
865 2898 930 2970 νηῦς
949 2897 968 2972 ή

167 2981 345 3060 Ἀρτεμισίης
361 2981 486 3042 ἐδιώκετο
502 2981 557 3043 ὑπό
576 2985 640 3061 νηός
652 2983 790 3060 Ἀττικῆς·
813 2983 859 3043 καὶ
877 2981 904 3058 ἢ,
919 2979 969 3041 οὔκ

167 3071 273 3149 ἔχουσα
300 3067 468 3150 διαφυγέειν·
510 3071 653 3150 ἔμπροσθε
686 3071 741 3156 γάρ
763 3071 861 3148 ἀὐτῆς
894 3068 969 3145 ἦσαν

173 3157 254 3216 ἐλλαι
275 3161 339 3235 νῆες
359 3159 454 3236 φίλιαι
470 3160 490 3238 η’
508 3161 538 3220 δέ
553 3160 640 3238 αότῆς
660 3163 730 3239 πρός
750 3165 805 3222 τῶν
826 3159 968 3234 πολεμίων

204 3243 296 3306 λιστα
309 3245 442 3328 ἐτύγχανε
458 3251 554 3309 ἐοῦσα·
576 3249 654 3320 ἔδοξέ
669 3253 696 3310 οἱ
713 3249 776 3310 τόδε
794 3248 922 3322 ποιῆσαι,
935 3243 968 3304 τὰ
