2294 3430
186 108 323 172 ιιι-ιιυ]
495 105 681 158 nomm.
934 107 981 164 ιω

143 210 150 226 ·
184 189 472 267 στρατοπεδευόμενος
486 187 539 264 τήν
555 188 632 266 παρὰ
647 187 799 248 θάλασσαν
811 185 905 266 χῶρην
916 212 982 248 τοσ-

184 275 258 352 ήνδε·
278 275 431 353 ἀρξόμενος
451 275 508 336 α’πδ
530 277 640 354 Θέρμης
659 275 760 338 πόλιος
773 275 818 333 καὶ
836 278 885 351 τῆς
903 280 982 355 Μυγ-

184 364 284 441 δονίης,
301 365 384 444 μέχρι
404 364 511 423 Λυδίειό
528 391 559 424 τε
575 369 703 442 ποταμοῦ
723 364 769 422 καὶ
788 362 982 440 Ἀλιόκμονος,

185 451 212 512 οἳ
224 451 415 529 οὐρίζουσι
377 478 431 534 γην
449 452 500 528 τήν
519 452 678 512 Βοττιαιιδα
695 477 727 512 τε
744 477 790 510 και
779 451 982 510 Μακεδονῶα

185 543 212 603 ἐς
225 539 312 600 τῶυτδ
325 541 438 618 ῥέεθρον
451 566 484 600 το
476 539 569 626 ὕδωρ
583 540 802 622 συμμίσγοντες·
817 543 983 650 ἐστρρτοπε

184 627 345 688 δεύοντο
312 653 364 704 μεν
382 627 446 702 δή’
433 653 462 687 εν
481 652 607 687 τουτοισι
623 629 701 687 τοῖσι
718 627 847 735 χωρίοισι
865 652 892 686 οι
883 625 982 738 βιίρ-

184 717 280 792 βαροι.
321 714 420 774 τῶνδὲ
436 715 664 793 καταλεχθέντων
677 714 780 774 τούτων
795 717 936 791 ποταμῶν,
953 719 982 772 ἐκ

185 802 387 878 Κρηστωναίης
400 802 468 878 ῥέων
479 800 643 880 Ἐχείδωρος
655 804 756 875 μοῦνος
766 801 815 860 οὐκ
829 799 983 880 α’ντέχρησε

184 893 221 966 τῇ
241 891 360 966 στρατιῇ
381 886 534 964 πινόμενος,
555 886 621 946 ἀλλ’
645 887 767 946 ἐπέλιπε.
810 888 915 964 Ξέρξης
935 888 1030 948 δέ128

186 973 270 1050 ὁρέων
286 980 316 1034 ἐκ
332 978 382 1050 τῆς
402 973 512 1051 Θέρμης
532 973 615 1050 οῦρεα
633 973 670 1033 τὰ
690 973 864 1044 Θεσσαλικοὶ,
885 973 933 1034 τόν
952 1000 982 1034 τε

181 1056 332 1138 Ὄλυμπον
353 1061 399 1119 καὶ
420 1060 472 1137 τήν
488 1059 613 1131 Ὀσσαν,
634 1059 753 1141 μεγάθεΐ
774 1085 805 1119 τε
825 1059 983 1137 ῦπερμήκεα

188 1147 275 1218 ἐόντα,
290 1147 335 1207 διὰ
346 1149 437 1225 μέσου
449 1173 480 1207 τε
493 1147 583 1208 αὐτῶν
596 1146 707 1208 αῦλῶνα
724 1147 834 1208 στεινόν
850 1147 983 1208 πυνθανό-

142 1289 149 1302 ,
186 1261 268 1312 μενος
281 1236 350 1296 εἶναι
370 1236 404 1296 δι’
424 1233 457 1296 οῦ
476 1237 533 1314 ῥέει
554 1235 570 1296 ό
591 1235 717 1312 Πηνειός,
739 1235 845 1296 αἷκοόων
864 1261 895 1296 τε
916 1236 984 1296 εἶναι

186 1323 272 1404 ταύτῃ
286 1323 351 1384 ὁδόν
364 1329 391 1388 ἐς
404 1329 568 1401 Θεσσαλίην
579 1324 730 1402 φέρουσαν,
741 1323 900 1401 ἐπεθύμησε
909 1324 984 1383 πλιό

187 1437 240 1475 σας
257 1411 416 1489 θεήσασθαι
432 1411 484 1488 τήν
505 1411 630 1488 ἐκβθιήν
647 1411 698 1469 τοῦ
720 1415 854 1489 Πηνειοῦ·
875 1410 919 1472 ὅτι
932 1411 984 1489 τήν

187 1497 241 1559 ἅνω
254 1499 319 1560 ὁδόν
332 1502 433 1578 ἔμελλε
447 1503 515 1561 ε’λᾶν
524 1499 570 1559 διδ
581 1499 749 1562 Μακεδόνων
761 1503 817 1561 τῶν
831 1499 984 1578 κατύπερθε

187 1589 342 1664 οἰκημένων,
353 1594 380 1652 ἐς
391 1587 571 1666 Περραιβοῦς
583 1587 660 1666 παρὰ
673 1588 777 1650 Γόννον
791 1588 884 1649 πόλιν·
896 1587 983 1668 ταύτῃ

127 1678 130 1682 ’
185 1674 239 1756 γᾶρ
257 1671 479 1752 ἀσφαλέστατον
497 1675 663 1737 ἐπυνθάνετο
684 1675 764 1736 εἶναι·
795 1676 830 1740 ῶς
843 1676 872 1736 δέ
889 1676 984 1736 ἐπεθύ-

185 1789 268 1871 μησε,
284 1764 329 1822 καὶ
343 1765 433 1824 ἐποίεε
449 1766 551 1824 ταῦτα·
573 1763 664 1842 ἐσβᾶς
685 1768 712 1826 ἐς
733 1764 866 1840 Σιδωνίην
885 1763 943 1833 νέα,
957 1768 985 1831 ἐς

184 1850 287 1927 τήνπερ
301 1851 472 1927 ἐσέβαινε’
443 1852 496 1909 αιεὶ
509 1850 579 1914 ὅκως
591 1876 619 1909 τι
633 1851 726 1911 ἐθέλοι
737 1855 849 1910 τοιοῦτο
858 1854 984 1926 ποιῆσαι,

186 1936 294 2006 ἀνέδεξε
307 1933 428 2014 σημήϊον
442 1938 488 1994 καὶ
500 1941 577 1996 τοῖσι
592 1935 711 1996 ἄλλοισι
726 1935 888 2016 ἀνοίγεσθαι,
903 1963 984 1996 κατα-

88 2020 162 2101 λό’
186 2023 322 2084 λιπῶν’
289 2029 374 2083 αυτοῦ
386 2023 436 2083 τόν
449 2022 533 2093 πεζῦν
546 2021 754 2101 στρατόνΔέπει
744 2022 828 2080 δὲ’
810 2023 926 2082 απίκετο
940 2025 986 2082 καὶ

187 2109 323 2186 ἐθεήσατο
333 2108 482 2188 Ξέρξης
447 2135 498 2186 την
509 2108 635 2186 ἐκβολην
644 2135 695 2171 του
682 2113 855 2185 Πηνειοῦ,’
843 2136 871 2169 εν
880 2108 986 2187 θώματι

185 2196 300 2279 μεγόλιρ
314 2198 454 2278 ἐνέσχετο·
469 2197 593 2260 καλέσας
605 2197 635 2256 δέ
649 2194 714 2259 τοῦς
732 2195 921 2278 κατηγεμόνας
936 2202 986 2274 τῆς

186 2283 260 2355 ὁδοῦ,
272 2286 360 2363 εἴρετο
371 2289 394 2345 εἰ
406 2284 457 2346 τόν
466 2283 594 2362 ποταμόν
604 2288 665 2344 ἐστι
678 2285 893 2364 παρατρέψαντα
908 2285 986 2366 ἑτέρη

187 2377 216 2437 ἐς
229 2372 382 2435 θάλασσαν
396 2373 554 2455 ἐξαγαγεῖν;
576 2371 647 2454 (Τήν
660 2371 688 2431 δὲ
702 2373 867 2450 Θεσσαλίην
880 2372 967 2455 λόγος
976 2367 1031 2434 1Ἑ9

187 2462 248 2522 ἐστὶ
265 2461 297 2523 τό
316 2461 438 2523 παλαιόν
459 2460 529 2521 εἶναι
549 2461 659 2538 λίμνην,
674 2458 747 2519 ῶστε
765 2487 799 2541 γε
820 2465 985 2543 συγκεκληῖ-

186 2550 293 2627 σμένην
312 2550 450 2610 πάντοθεν
471 2548 645 2627 ῦπερμήκεσι
668 2546 777 2622 οίρεσι·
804 2549 840 2609 τῶ
859 2552 911 2627 μὲν
930 2549 985 2631 γὰρ

186 2636 271 2712 αὐτῆς
283 2637 353 2715 πρός
364 2637 418 2714 τήν
430 2636 471 2714 ήῶ
485 2638 585 2716 ἔχοντα
596 2637 631 2696 τό
643 2663 673 2697 τε
686 2635 798 2711 Πήλιον
810 2635 893 2715 οῦρος
906 2638 952 2696 καὶ
967 2637 986 2714 ή

182 2721 282 2783 Ὀσσα
300 2723 438 2804 ἅπακλήει
456 2725 656 2804 συμμίσγοντα
672 2723 723 2788 τῶς
742 2724 887 2803 ῦπωρείας·
897 2723 987 2800 α’λλή·

187 2812 274 2879 λοισι,
287 2811 322 2869 τὰ
336 2811 365 2870 δέ
378 2810 448 2888 πρδς
461 2813 554 2890 βορέω
568 2811 671 2889 ἀνέμου
688 2811 704 2870 ό
723 2807 884 2890 Οῦλυμπος,
903 2811 939 2872 τῶ
957 2811 986 2871 δέ

187 2897 258 2974 πρός
278 2899 399 2974 ἕσπέρην
419 2898 534 2962 Πίνδος·
557 2899 593 2960 τῦ
614 2899 644 2960 δέ
664 2898 733 2976 πρός
752 2899 936 2977 μεσαμβρίην
955 2924 987 2958 τε
1031 2935 1033 2939 -

189 2985 234 3044 καὶ
247 2983 348 3062 ἄνεμον
361 2985 442 3045 νότον
455 2985 603 3064 ήὍθρυς·
623 2986 656 3047 τδ
670 2987 759 3062 μέσον
773 2988 802 3046 δὲ
814 2986 918 3046 τούτων
932 2989 987 3044 τῶν

188 3073 343 3153 λεχθέντων
364 3071 464 3150 οὐρέων
484 3072 503 3147 ή
523 3073 672 3148 Θεσσαλίη
693 3073 763 3142 ἐστὶ,
785 3075 871 3130 ἐοῦσα
892 3071 987 3146 κοίλη·

189 3159 261 3221 ὥστε
275 3160 312 3220 ῶν
320 3164 453 3236 ποταμῶν
464 3165 491 3223 ἐς
501 3158 587 3236 αὐτήν
597 3162 643 3219 καὶ
651 3159 747 3218 ἄλλων
758 3159 868 3236 συχνῶν
881 3159 988 3232 ἐσβαλ-

189 3248 302 3319 λόντων,
316 3247 398 3308 πέντε
415 3247 445 3307 δέ
460 3251 515 3308 τῶν
530 3247 650 3324 δοκίμων
669 3243 798 3322 μάλιστα
816 3243 910 3314 τῶνδε,
928 3250 986 3321 Πη-
