2280 3432
143 115 252 178 90-94]
464 107 618 163 ουυινιι.
894 115 943 164 ιιι

142 196 268 273 πορθμῷ,
289 193 357 276 έργα
376 191 545 262 ἀπεδέξαντο
565 192 655 275 λόγου
674 191 749 264 ἄξια·
769 195 796 253 οἰ
815 195 867 271 μὲν
886 194 942 276 γάρ

142 281 287 358 Ἀθηναῖοι
305 286 334 342 ἐν
351 285 391 362 τῷ
410 280 523 361 θορύβῳ
542 281 681 359 ἐκεράίζον
697 280 747 345 τάς
763 307 795 342 τε
813 281 943 343 ἀντιστα-

142 371 227 448 μένας
241 370 287 429 καί
303 368 354 434 τοίς
370 368 531 450 φευγούσας
545 373 600 430 τῶν
618 375 697 446 νηῶν,
714 372 741 429 οἰ
754 369 783 429 δὲ
797 374 944 452 Αἰγινῆται

142 457 193 521 τάς
220 458 410 522 ἐκπλωούσας·
452 457 520 522 ὅκως
543 458 574 517 δέ
595 484 667 522 τινες
689 457 754 522 πούς
779 457 944 534 Ἀθηναίους

144 545 313 628 διαφύγοιεν,
328 545 478 624 φερόμενοι
496 547 648 606 ἐσέπιπτον
661 552 688 610 ἐς
703 546 769 610 τοιίς
784 547 943 629 Αἰγινήτας.

143 632 281 694 Ἑνθαῦτα
301 633 466 711 συνεκύρεον
486 638 549 711 νῆες
568 633 587 710 ἥ
607 660 638 694 τε
656 636 863 711 Θεμιστοκλέος
884 634 990 695 διά-92

144 746 234 780 κουσα
259 724 314 796 νῆα
334 721 383 780 ’καὶ
405 721 425 797 ἦ
449 723 627 800 Πολυκρίτου
648 727 698 782 τοῦ
720 727 819 800 Κριοῦ,
844 723 943 800 οἰνδρός

144 807 305 889 Αἰγινήτεω,
326 809 562 891 νηίιέμβαλοῦσα
585 809 701 888 Σιδωνίῃ
721 809 792 886 ἥπερ
814 810 872 869 εἰλε
891 811 944 886 τήν

143 895 412 973 προφυλάσσουσαν
438 895 483 954 ἐπὶ
511 895 627 975 Σκιάθῳ,
649 896 701 971 τήν
727 897 880 977 Αἰγιναίην,
902 898 943 956 ἐπ’

144 981 178 1060 ἦς
191 985 273 1044 ἔπλεε
286 985 398 1059 Πυθέης
412 983 428 1042 ό
440 983 576 1061 Ἰσχένου,
589 983 639 1044 τόν
657 988 683 1043 οἰ
702 985 814 1061 Πέρσαι
828 1009 943 1044 κατακο-

144 1072 231 1131 πέντα
244 1073 343 1150 ἀρετῆς
357 1069 447 1130 εἵνεκα
462 1071 538 1151 εἰχον
555 1077 583 1132 ἐν
597 1076 633 1150 τῇ
651 1073 697 1148 νηί
716 1071 943 1152 ἐκπαγλεόμενοι·

143 1158 193 1219 τόν
206 1158 240 1235 δὴ
256 1159 431 1241 περιάγουσα
449 1184 508 1237 αμα
525 1163 602 1220 τοῖσι
615 1160 748 1239 Πέρσησι
766 1159 826 1235 ἥλω
845 1163 910 1234 νηῦς
924 1159 944 1236 ἦ

145 1247 271 1324 Σιδωνίη,
299 1247 372 1308 ὥστε
392 1249 505 1324 Πυθέην
527 1247 597 1307 οὕτω
619 1249 745 1324 σωθῆναι
766 1252 793 1310 ἐς
816 1247 942 1326 Αἴγιναν·

145 1333 181 1398 οἷς
202 1336 232 1394 δὲ
253 1335 343 1395 ἐσεῖδε
357 1335 410 1412 τήν
425 1339 479 1411 νῆα
498 1334 551 1410 τήν
572 1333 702 1411 Ἀττικήν
723 1334 740 1395 ὁ
759 1333 942 1411 Πολύκριτος,

145 1422 213 1503 ἔγνω
232 1423 265 1483 τό
284 1422 408 1500 σημήϊον
426 1423 489 1483 ἰδοίν
506 1426 558 1500 τῆς
573 1423 768 1504 στρατηγίδος,
782 1423 828 1482 καί
845 1421 945 1499 βάσας

143 1509 194 1570 τιίν
210 1513 407 1588 Θεμιστοκλέα
427 1510 641 1590 ἐπεκερτόμησε,
663 1516 690 1575 ἐς
704 1514 760 1571 τῶν
777 1510 945 1592 Αἰγινητέων

144 1597 195 1658 τόν
206 1599 350 1678 μηδισμιίν
362 1599 507 1672 ὀνειδίζων·
523 1603 612 1660 ταῦτα
624 1600 677 1677 μέν
689 1624 737 1660 νυν
750 1598 795 1676 νηῒ
809 1598 943 1676 ἐμβαλοίν

145 1685 161 1745 ὁ
174 1687 350 1766 Πολύκριτος
362 1687 498 1768 α’πέρριψε
515 1693 543 1751 ἐς
556 1689 760 1770 Θεμιστοκλέα·
782 1689 809 1746 οἱ
827 1687 856 1746 δὲ
869 1687 942 1765 βάρ-

144 1775 239 1852 βαροι,
250 1781 305 1836 τῶν
318 1779 347 1835 αἱ
360 1782 422 1852 νῆες
435 1776 634 1857 περιεγένοντο,
647 1775 797 1857 φεύγοντες
810 1773 944 1834 α’πίκοντο

145 1866 173 1924 ἐς
186 1862 318 1938 Φάληρον
330 1863 384 1922 ύπὸ
398 1863 448 1922 τόν
460 1863 544 1932 πεζόν
558 1863 690 1940 στρατόν.

185 1947 234 2007 Ἐν
261 1950 291 2007 δὲ
317 1953 352 2026 τῇ
377 1950 516 2026 ναυμαχίῃ
542 1949 629 2026 ταύτῃ
652 1948 777 2023 ἥκουσαν
799 1947 992 2022 Ἑλλήνων93

146 2032 249 2110 άριστα
272 2039 427 2115 Αἰγινῆται·
470 2036 515 2094 ἐπὶ
538 2035 576 2104 δὲ,
595 2035 749 2110 Ἀθηναῖοι·
791 2033 896 2112 ἀνδρῶν
916 2035 946 2094 δέ

146 2122 323 2200 Πολύκριτός
338 2147 370 2182 τε
385 2122 401 2182 ὅ
418 2121 576 2203 Αἰγινήτης,
597 2123 643 2181 καὶ
659 2121 803 2197 Ἀθηναῖοι
819 2121 946 2199 Εὐμένης

145 2236 177 2271 τε
190 2210 205 2271 ὁ
218 2210 422 2293 Ἀναγυράσιος
439 2210 484 2268 καί
497 2209 637 2286 Ἀμεινίης
653 2208 829 2286 Παλληνεύς·
851 2209 882 2272 ὃς
899 2212 945 2270 καὶ

144 2299 326 2378 Ἀρτεμισίην
355 2299 489 2368 ἐπεδίωξε.
533 2302 556 2357 εἰ
581 2299 633 2375 μέν
660 2323 707 2358 νυν
737 2299 821 2374 ἔμαθε
847 2297 891 2358 ὅτι
917 2303 946 2359 ἐν

145 2388 232 2468 ταύτῃ
252 2389 336 2448 πλέοι
354 2388 374 2465 ή
395 2387 568 2466 Ἀρτεμισίη,
592 2384 641 2446 ούκ
662 2385 696 2447 ιίν
716 2385 858 2447 ἐπαύσατο
879 2386 946 2464 πρό-

146 2500 226 2551 τερον
239 2475 257 2551 ἢ
271 2478 331 2536 εἰλέ
342 2503 390 2554 μιν
405 2475 423 2553 ἢ
443 2477 488 2535 καὶ
506 2475 589 2539 αύτὸς
605 2474 675 2550 ἥλω·
695 2479 773 2536 τοῖσι
789 2475 844 2556 γάρ
862 2473 946 2552 Ἀθη·

147 2563 230 2622 ναίων
248 2565 443 2645 τριηράρχοισι
463 2563 716 2642 παρακεκέλευστο·
750 2562 820 2641 πρός
840 2563 878 2633 δὲ,
899 2564 946 2624 καί

147 2647 250 2709 άεθλον
267 2652 353 2712 ἔκειτο
368 2652 464 2730 μύριαι
479 2653 610 2732 δραχμαὶ,
625 2651 655 2714 ὃς
675 2649 709 2710 ἅν
726 2676 775 2728 μιν
791 2650 862 2727 ζωήν
883 2651 945 2730 ἕλῃ·

148 2736 238 2796 δεινόν
259 2739 313 2818 γάρ
339 2765 368 2800 τι
388 2743 536 2809 ἐποιεῦντο,
556 2743 674 2820 γυναῖκα
694 2740 740 2798 ἐπὶ
758 2738 808 2802 τοὶς
826 2737 947 2813 Ἀθήνας

148 2824 359 2899 στρατεύεσθαι,
400 2826 471 2902 αὕτη
487 2830 539 2904 μὲν
562 2825 605 2902 δὴ,
624 2826 659 2889 ὥς
678 2825 814 2904 πρότερον
832 2825 945 2902 εἴρηται,

148 2912 272 2992 διέφυγε·
292 2911 367 2989 ἦσαν
380 2913 409 2972 δὲ
423 2914 469 2972 καί
483 2917 509 2972 οἰ
527 2913 612 2974 ἄλλοι
630 2919 686 2974 τῶν
703 2917 732 2972 αἱ
746 2918 808 2988 νῆες
823 2937 946 2993 περιεγε·

147 3001 269 3082 γόνεσαν
282 3006 311 3062 ἐν
323 3005 361 3081 τῷ
374 3001 504 3082 Φαλήρῳ.
544 3003 724 3080 Ἀδείμαντον
738 3002 767 3060 δὲ
782 3000 831 3059 τόν
845 3001 945 3078 Κορίν-
954 3002 993 3060 94

148 3090 209 3150 θιον
243 3089 402 3172 στρατηγόν
434 3091 552 3170 λέγουσι
579 3089 731 3168 Ἀθηναῖοι,
758 3086 856 3146 αὐτίκα
887 3086 945 3148 κατ’

148 3177 237 3260 ιίρχοίς
262 3179 297 3245 ὦς
323 3180 495 3260 συνέμισγον
515 3181 544 3239 αἰ
563 3183 634 3255 νῆες,
655 3176 830 3260 ἐκπλαγέντα
849 3203 880 3237 τε
900 3177 946 3236 καί

148 3266 357 3345 ύπερδείσαντα,
370 3267 407 3331 τά
434 3267 511 3328 ἱστία
537 3266 700 3344 ἀειράμενον
723 3265 854 3346 οἴχεσθαι
880 3264 945 3342 φεύ-
