<?xml version="1.0" encoding="UTF-8"?>
<!DOCTYPE html PUBLIC "-//W3C//DTD XHTML 1.0 Transitional//EN"
    "http://www.w3.org/TR/xhtml1/DTD/xhtml1-transitional.dtd">
<html xmlns="http://www.w3.org/1999/xhtml" xml:lang="en" lang="en">
 <head>
  <title>
</title>
<meta http-equiv="Content-Type" content="text/html;charset=utf-8" />
  <meta name='ocr-system' content='tesseract 3.04.00' />
  <meta name='ocr-capabilities' content='ocr_page ocr_carea ocr_par ocr_line ocrx_word'/>
</head>
<body>
  <div class='ocr_page' id='page_1' title='image "./herodotusrecens01blakgoog_0051.png"; bbox 0 0 2204 3430; ppageno 0'>
   <div class='ocr_carea' id='block_1_1' title="bbox 57 109 1010 3346">
    <p class='ocr_par' dir='ltr' id='par_1_1' title="bbox 57 109 1010 3346">
     <span class='ocr_line' id='line_1_1' title="bbox 168 109 967 173; baseline -0.004 -10"><span class='ocrx_word' id='word_1_1' title='bbox 168 118 198 164; x_wconf 80' lang='grc'>38</span> <span class='ocrx_word' id='word_1_2' title='bbox 491 111 674 160; x_wconf 70' lang='grc' dir='ltr'>ἨΡΟΔΟἝΟΤ</span> <span class='ocrx_word' id='word_1_3' title='bbox 920 109 967 173; x_wconf 83' lang='lat' dir='ltr'>[V.</span> 
     </span>
     <span class='ocr_line' id='line_1_2' title="bbox 167 187 970 270; baseline -0.005 -18"><span class='ocrx_word' id='word_1_4' title='bbox 167 192 230 252; x_wconf 76' lang='grc' dir='ltr'>οὔτε</span> <span class='ocrx_word' id='word_1_5' title='bbox 257 197 280 252; x_wconf 91' lang='grc' dir='ltr'>εἰ</span> <span class='ocrx_word' id='word_1_6' title='bbox 302 194 418 254; x_wconf 82' lang='grc' dir='ltr'>ἔσσονες</span> <span class='ocrx_word' id='word_1_7' title='bbox 439 189 695 270; x_wconf 82' lang='grc' dir='ltr'>συγγινωσκόμενοι</span> <span class='ocrx_word' id='word_1_8' title='bbox 716 187 784 248; x_wconf 80' lang='grc' dir='ltr'>εἶναι</span> <span class='ocrx_word' id='word_1_9' title='bbox 805 192 841 266; x_wconf 76' lang='grc' dir='ltr'>τῇ</span> <span class='ocrx_word' id='word_1_10' title='bbox 865 213 970 264; x_wconf 90' lang='grc' dir='ltr'>ναυμα-</span> 
     </span>
     <span class='ocr_line' id='line_1_3' title="bbox 168 275 971 358; baseline -0.004 -20"><span class='ocrx_word' id='word_1_11' title='bbox 168 281 217 358; x_wconf 86' lang='grc' dir='ltr'>χίῃ</span> <span class='ocrx_word' id='word_1_12' title='bbox 236 279 305 338; x_wconf 70' lang='grc' dir='ltr'>κατὰ</span> <span class='ocrx_word' id='word_1_13' title='bbox 321 282 405 338; x_wconf 80' lang='grc' dir='ltr'>τοῦτο</span> <span class='ocrx_word' id='word_1_14' title='bbox 426 278 508 348; x_wconf 79' lang='grc' dir='ltr'>εἶξαν,</span> <span class='ocrx_word' id='word_1_15' title='bbox 531 277 593 336; x_wconf 76' lang='grc' dir='ltr'>οὔτε</span> <span class='ocrx_word' id='word_1_16' title='bbox 615 281 638 335; x_wconf 88' lang='grc' dir='ltr'>εἰ</span> <span class='ocrx_word' id='word_1_17' title='bbox 657 275 829 352; x_wconf 88' lang='grc' dir='ltr'>βουλόμενοι</span> <span class='ocrx_word' id='word_1_18' title='bbox 849 279 971 349; x_wconf 82' lang='grc' dir='ltr'>ποιῆσαι</span> 
     </span>
     <span class='ocr_line' id='line_1_4' title="bbox 57 364 972 444; baseline -0.004 -18"><span class='ocrx_word' id='word_1_19' title='bbox 57 371 62 380; x_wconf 77' lang='grc'><em>’</em></span> <span class='ocrx_word' id='word_1_20' title='bbox 170 365 229 426; x_wconf 81' lang='grc' dir='ltr'>οἶάν</span> <span class='ocrx_word' id='word_1_21' title='bbox 243 394 271 427; x_wconf 91' lang='grc' dir='ltr'>τι</span> <span class='ocrx_word' id='word_1_22' title='bbox 291 367 336 424; x_wconf 86' lang='grc' dir='ltr'>καὶ</span> <span class='ocrx_word' id='word_1_23' title='bbox 353 365 511 444; x_wconf 81' lang='grc' dir='ltr'>ἐποίησαν)</span> <span class='ocrx_word' id='word_1_24' title='bbox 534 364 697 440; x_wconf 83' lang='grc' dir='ltr'>Ἀθηναίους</span> <span class='ocrx_word' id='word_1_25' title='bbox 715 365 766 440; x_wconf 90' lang='grc' dir='ltr'>μέν</span> <span class='ocrx_word' id='word_1_26' title='bbox 788 389 843 432; x_wconf 89' lang='grc' dir='ltr'>νυν,</span> <span class='ocrx_word' id='word_1_27' title='bbox 859 367 921 424; x_wconf 87' lang='grc' dir='ltr'>ε’πεί</span> <span class='ocrx_word' id='word_1_28' title='bbox 940 367 972 424; x_wconf 84' lang='grc' dir='ltr'>τέ</span> 
     </span>
     <span class='ocr_line' id='line_1_5' title="bbox 112 449 971 533; baseline -0.005 -18"><span class='ocrx_word' id='word_1_29' title='bbox 112 474 116 483; x_wconf 91' lang='grc'><strong>’</strong></span> <span class='ocrx_word' id='word_1_30' title='bbox 170 461 227 530; x_wconf 99' lang='grc' dir='ltr'>σφι</span> <span class='ocrx_word' id='word_1_31' title='bbox 241 453 329 516; x_wconf 75' lang='grc' dir='ltr'>οὐδεὶς</span> <span class='ocrx_word' id='word_1_32' title='bbox 343 459 369 516; x_wconf 82' lang='grc' dir='ltr'>ές</span> <span class='ocrx_word' id='word_1_33' title='bbox 382 454 476 533; x_wconf 84' lang='grc' dir='ltr'>μάχην</span> <span class='ocrx_word' id='word_1_34' title='bbox 491 454 650 520; x_wconf 82' lang='grc' dir='ltr'>κατίστατο,</span> <span class='ocrx_word' id='word_1_35' title='bbox 665 450 829 527; x_wconf 74' lang='grc' dir='ltr'>ἀποβάντας</span> <span class='ocrx_word' id='word_1_36' title='bbox 842 449 898 510; x_wconf 81' lang='grc' dir='ltr'>άπδ</span> <span class='ocrx_word' id='word_1_37' title='bbox 915 456 971 512; x_wconf 81' lang='grc' dir='ltr'>τῶν</span> 
     </span>
     <span class='ocr_line' id='line_1_6' title="bbox 172 538 971 619; baseline -0.005 -17"><span class='ocrx_word' id='word_1_38' title='bbox 172 546 239 603; x_wconf 81' lang='grc' dir='ltr'>νεῶν</span> <span class='ocrx_word' id='word_1_39' title='bbox 254 543 412 619; x_wconf 79' lang='grc' dir='ltr'>τραπέσθαι</span> <span class='ocrx_word' id='word_1_40' title='bbox 427 541 497 619; x_wconf 86' lang='grc' dir='ltr'>πρδς</span> <span class='ocrx_word' id='word_1_41' title='bbox 517 540 552 600; x_wconf 78' lang='grc' dir='ltr'>ταὶ</span> <span class='ocrx_word' id='word_1_42' title='bbox 571 539 730 619; x_wconf 79' lang='grc' dir='ltr'>ἀγάλματα·</span> <span class='ocrx_word' id='word_1_43' title='bbox 753 538 785 597; x_wconf 79' lang='grc' dir='ltr'>οὐ</span> <span class='ocrx_word' id='word_1_44' title='bbox 804 539 971 603; x_wconf 77' lang='grc' dir='ltr'>δυναμένους</span> 
     </span>
     <span class='ocr_line' id='line_1_7' title="bbox 172 625 970 704; baseline -0.005 -16"><span class='ocrx_word' id='word_1_45' title='bbox 172 630 202 688; x_wconf 81' lang='grc' dir='ltr'>δὲ</span> <span class='ocrx_word' id='word_1_46' title='bbox 220 629 386 690; x_wconf 80' lang='grc' dir='ltr'>ιίνασπάσαι</span> <span class='ocrx_word' id='word_1_47' title='bbox 403 636 433 689; x_wconf 91' lang='grc' dir='ltr'>ε’κ</span> <span class='ocrx_word' id='word_1_48' title='bbox 454 633 509 689; x_wconf 85' lang='grc' dir='ltr'>τῶν</span> <span class='ocrx_word' id='word_1_49' title='bbox 526 628 641 704; x_wconf 77' lang='grc' dir='ltr'>βάθρων</span> <span class='ocrx_word' id='word_1_50' title='bbox 660 626 738 696; x_wconf 81' lang='grc' dir='ltr'>αὐτοὶ,</span> <span class='ocrx_word' id='word_1_51' title='bbox 756 627 826 686; x_wconf 81' lang='grc' dir='ltr'>οὕτω</span> <span class='ocrx_word' id='word_1_52' title='bbox 842 625 876 701; x_wconf 80' lang='grc' dir='ltr'>δή</span> <span class='ocrx_word' id='word_1_53' title='bbox 894 653 970 702; x_wconf 90' lang='grc' dir='ltr'>περι-</span> 
     </span>
     <span class='ocr_line' id='line_1_8' title="bbox 170 713 1010 796; baseline -0.005 -20"><span class='ocrx_word' id='word_1_54' title='bbox 170 719 368 795; x_wconf 84' lang='grc' dir='ltr'>βαλλομένους</span> <span class='ocrx_word' id='word_1_55' title='bbox 389 718 504 796; x_wconf 84' lang='grc' dir='ltr'>σχοινία</span> <span class='ocrx_word' id='word_1_56' title='bbox 532 717 629 784; x_wconf 78' lang='grc' dir='ltr'>ἕλκειν,</span> <span class='ocrx_word' id='word_1_57' title='bbox 659 719 685 778; x_wconf 79' lang='grc' dir='ltr'>ἐς</span> <span class='ocrx_word' id='word_1_58' title='bbox 712 713 744 774; x_wconf 80' lang='grc' dir='ltr'>οὗ</span> <span class='ocrx_word' id='word_1_59' title='bbox 773 713 909 790; x_wconf 81' lang='grc' dir='ltr'>ἑλκόμενα</span> <span class='ocrx_word' id='word_1_60' title='bbox 935 715 972 774; x_wconf 84' lang='grc' dir='ltr'>τιί</span> <span class='ocrx_word' id='word_1_61' title='bbox 1004 728 1010 736; x_wconf 77' lang='grc'><strong>’</strong></span> 
     </span>
     <span class='ocr_line' id='line_1_9' title="bbox 101 803 971 887; baseline -0.003 -24"><span class='ocrx_word' id='word_1_62' title='bbox 101 829 104 834; x_wconf 91' lang='grc'>·</span> <span class='ocrx_word' id='word_1_63' title='bbox 171 803 322 887; x_wconf 86' lang='grc' dir='ltr'>άγάλματα</span> <span class='ocrx_word' id='word_1_64' title='bbox 343 805 490 884; x_wconf 78' lang='grc' dir='ltr'>ἀμφότερα</span> <span class='ocrx_word' id='word_1_65' title='bbox 511 803 598 864; x_wconf 77' lang='grc' dir='ltr'>τιάυτδ</span> <span class='ocrx_word' id='word_1_66' title='bbox 623 807 751 878; x_wconf 78' lang='grc' dir='ltr'>ποιῆσαι·</span> <span class='ocrx_word' id='word_1_67' title='bbox 780 803 842 879; x_wconf 85' lang='grc' dir='ltr'>ε’μοί</span> <span class='ocrx_word' id='word_1_68' title='bbox 864 805 916 878; x_wconf 78' lang='grc' dir='ltr'>μὲν</span> <span class='ocrx_word' id='word_1_69' title='bbox 939 805 971 860; x_wconf 77' lang='grc' dir='ltr'>οὐ</span> 
     </span>
     <span class='ocr_line' id='line_1_10' title="bbox 137 888 971 977; baseline -0.006 -24"><span class='ocrx_word' id='word_1_70' title='bbox 137 901 144 910; x_wconf 79' lang='grc'><strong>’</strong></span> <span class='ocrx_word' id='word_1_71' title='bbox 170 894 260 954; x_wconf 79' lang='grc' dir='ltr'>πιστιί</span> <span class='ocrx_word' id='word_1_72' title='bbox 281 895 417 977; x_wconf 88' lang='grc' dir='ltr'>λέγοντες,</span> <span class='ocrx_word' id='word_1_73' title='bbox 432 893 511 973; x_wconf 74' lang='grc' dir='ltr'>ἄλλῳ</span> <span class='ocrx_word' id='word_1_74' title='bbox 530 893 561 952; x_wconf 90' lang='grc' dir='ltr'>δέ</span> <span class='ocrx_word' id='word_1_75' title='bbox 577 918 639 971; x_wconf 77' lang='grc' dir='ltr'>τειρ·</span> <span class='ocrx_word' id='word_1_76' title='bbox 661 897 688 954; x_wconf 81' lang='grc' dir='ltr'>ἐς</span> <span class='ocrx_word' id='word_1_77' title='bbox 700 891 822 972; x_wconf 85' lang='grc' dir='ltr'>γούνατα</span> <span class='ocrx_word' id='word_1_78' title='bbox 838 888 893 970; x_wconf 83' lang='grc' dir='ltr'>γάρ</span> <span class='ocrx_word' id='word_1_79' title='bbox 914 897 971 966; x_wconf 90' lang='grc' dir='ltr'>σφι</span> 
     </span>
     <span class='ocr_line' id='line_1_11' title="bbox 171 978 971 1058; baseline -0.004 -18"><span class='ocrx_word' id='word_1_80' title='bbox 171 981 240 1043; x_wconf 71' lang='grc' dir='ltr'>αὐτοὶ</span> <span class='ocrx_word' id='word_1_81' title='bbox 257 984 376 1054; x_wconf 75' lang='grc' dir='ltr'>πεσέειν,</span> <span class='ocrx_word' id='word_1_82' title='bbox 392 983 437 1042; x_wconf 86' lang='grc' dir='ltr'>καὶ</span> <span class='ocrx_word' id='word_1_83' title='bbox 450 983 499 1042; x_wconf 85' lang='grc' dir='ltr'>τδν</span> <span class='ocrx_word' id='word_1_84' title='bbox 518 980 574 1042; x_wconf 84' lang='grc' dir='ltr'>ιίπδ</span> <span class='ocrx_word' id='word_1_85' title='bbox 593 980 692 1040; x_wconf 80' lang='grc' dir='ltr'>τούτου</span> <span class='ocrx_word' id='word_1_86' title='bbox 704 978 806 1058; x_wconf 82' lang='grc' dir='ltr'>χρόνον</span> <span class='ocrx_word' id='word_1_87' title='bbox 820 979 971 1037; x_wconf 80' lang='grc' dir='ltr'>διατελέειν</span> 
     </span>
     <span class='ocr_line' id='line_1_12' title="bbox 172 1067 970 1152; baseline -0.006 -22"><span class='ocrx_word' id='word_1_88' title='bbox 172 1070 243 1130; x_wconf 80' lang='grc' dir='ltr'>οὕτω</span> <span class='ocrx_word' id='word_1_89' title='bbox 269 1074 378 1152; x_wconf 81' lang='grc' dir='ltr'>ἔχοντα.</span> <span class='ocrx_word' id='word_1_90' title='bbox 418 1071 581 1146; x_wconf 90' lang='grc' dir='ltr'>Ἀθηναίους</span> <span class='ocrx_word' id='word_1_91' title='bbox 607 1071 659 1146; x_wconf 82' lang='grc' dir='ltr'>μὲν</span> <span class='ocrx_word' id='word_1_92' title='bbox 686 1067 719 1143; x_wconf 75' lang='grc' dir='ltr'>δη</span> <span class='ocrx_word' id='word_1_93' title='bbox 746 1070 833 1126; x_wconf 85' lang='grc' dir='ltr'>ταῦτα</span> <span class='ocrx_word' id='word_1_94' title='bbox 859 1067 970 1136; x_wconf 87' lang='grc' dir='ltr'>ποιέειν,</span> 
     </span>
     <span class='ocr_line' id='line_1_13' title="bbox 174 1150 971 1242; baseline -0.005 -24"><span class='ocrx_word' id='word_1_95' title='bbox 174 1161 266 1236; x_wconf 85' lang='grc' dir='ltr'>σφέας</span> <span class='ocrx_word' id='word_1_96' title='bbox 280 1161 309 1220; x_wconf 77' lang='grc' dir='ltr'>δὲ</span> <span class='ocrx_word' id='word_1_97' title='bbox 323 1163 470 1240; x_wconf 75' lang='grc' dir='ltr'>Αἰγινῆται</span> <span class='ocrx_word' id='word_1_98' title='bbox 486 1159 612 1242; x_wconf 87' lang='grc' dir='ltr'>λέγουσι,</span> <span class='ocrx_word' id='word_1_99' title='bbox 626 1155 798 1232; x_wconf 85' lang='grc' dir='ltr'>πυθομένους</span> <span class='ocrx_word' id='word_1_100' title='bbox 810 1150 876 1218; x_wconf 75' lang='grc' dir='ltr'>τοδς</span> <span class='ocrx_word' id='word_1_101' title='bbox 889 1153 971 1229; x_wconf 82' lang='grc' dir='ltr'>Ἀθη-</span> 
     </span>
     <span class='ocr_line' id='line_1_14' title="bbox 174 1243 971 1323; baseline -0.008 -17"><span class='ocrx_word' id='word_1_102' title='bbox 174 1248 266 1311; x_wconf 90' lang='grc' dir='ltr'>ναίους</span> <span class='ocrx_word' id='word_1_103' title='bbox 289 1247 323 1310; x_wconf 77' lang='grc' dir='ltr'>ὦς</span> <span class='ocrx_word' id='word_1_104' title='bbox 343 1248 477 1323; x_wconf 91' lang='grc' dir='ltr'>μέλλοιεν</span> <span class='ocrx_word' id='word_1_105' title='bbox 499 1247 545 1304; x_wconf 84' lang='grc' dir='ltr'>ε’πί</span> <span class='ocrx_word' id='word_1_106' title='bbox 563 1246 655 1320; x_wconf 88' lang='grc' dir='ltr'>σφέας</span> <span class='ocrx_word' id='word_1_107' title='bbox 675 1243 886 1320; x_wconf 79' lang='grc' dir='ltr'>στρατεύεσθαι,</span> <span class='ocrx_word' id='word_1_108' title='bbox 903 1243 971 1300; x_wconf 83' lang='grc' dir='ltr'>ἑτοί-</span> 
     </span>
     <span class='ocr_line' id='line_1_15' title="bbox 173 1330 972 1415; baseline 0.001 -23"><span class='ocrx_word' id='word_1_109' title='bbox 173 1359 243 1409; x_wconf 90' lang='grc' dir='ltr'>μους</span> <span class='ocrx_word' id='word_1_110' title='bbox 263 1333 406 1415; x_wconf 83' lang='grc' dir='ltr'>Ἀργείους</span> <span class='ocrx_word' id='word_1_111' title='bbox 428 1333 583 1393; x_wconf 87' lang='grc' dir='ltr'>ποιέεσθαι·</span> <span class='ocrx_word' id='word_1_112' title='bbox 610 1332 674 1395; x_wconf 80' lang='grc' dir='ltr'>τούς</span> <span class='ocrx_word' id='word_1_113' title='bbox 695 1358 726 1392; x_wconf 90' lang='grc' dir='ltr'>τε</span> <span class='ocrx_word' id='word_1_114' title='bbox 750 1330 783 1408; x_wconf 74' lang='grc' dir='ltr'>δή</span> <span class='ocrx_word' id='word_1_115' title='bbox 808 1330 972 1406; x_wconf 87' lang='grc' dir='ltr'>Ἀθηναίους</span> 
     </span>
     <span class='ocr_line' id='line_1_16' title="bbox 172 1419 972 1502; baseline -0.001 -23"><span class='ocrx_word' id='word_1_116' title='bbox 172 1419 354 1497; x_wconf 79' lang='grc' dir='ltr'>ἀποβεβάναι</span> <span class='ocrx_word' id='word_1_117' title='bbox 376 1426 403 1484; x_wconf 80' lang='grc' dir='ltr'>ἐς</span> <span class='ocrx_word' id='word_1_118' title='bbox 424 1421 475 1496; x_wconf 68' lang='grc' dir='ltr'>τὴν</span> <span class='ocrx_word' id='word_1_119' title='bbox 491 1422 644 1502; x_wconf 85' lang='grc' dir='ltr'>Αἰγιναίην,</span> <span class='ocrx_word' id='word_1_120' title='bbox 659 1421 704 1479; x_wconf 87' lang='grc' dir='ltr'>καὶ</span> <span class='ocrx_word' id='word_1_121' title='bbox 725 1423 852 1497; x_wconf 81' lang='grc' dir='ltr'>παρεῖναι</span> <span class='ocrx_word' id='word_1_122' title='bbox 869 1420 972 1496; x_wconf 84' lang='grc' dir='ltr'>βοηθέ-</span> 
     </span>
     <span class='ocr_line' id='line_1_17' title="bbox 173 1506 972 1590; baseline -0.001 -24"><span class='ocrx_word' id='word_1_123' title='bbox 173 1507 255 1570; x_wconf 88' lang='grc' dir='ltr'>οντάς</span> <span class='ocrx_word' id='word_1_124' title='bbox 268 1515 325 1584; x_wconf 88' lang='grc' dir='ltr'>σφι</span> <span class='ocrx_word' id='word_1_125' title='bbox 337 1508 401 1572; x_wconf 73' lang='grc' dir='ltr'>τούς</span> <span class='ocrx_word' id='word_1_126' title='bbox 414 1507 564 1590; x_wconf 81' lang='grc' dir='ltr'>Ἀργείους·</span> <span class='ocrx_word' id='word_1_127' title='bbox 587 1509 632 1567; x_wconf 86' lang='grc' dir='ltr'>καὶ</span> <span class='ocrx_word' id='word_1_128' title='bbox 645 1510 743 1568; x_wconf 85' lang='grc' dir='ltr'>λαθεῖν</span> <span class='ocrx_word' id='word_1_129' title='bbox 756 1535 786 1567; x_wconf 93' lang='grc' dir='ltr'>τε</span> <span class='ocrx_word' id='word_1_130' title='bbox 801 1509 831 1577; x_wconf 79' lang='grc' dir='ltr'>ἐξ</span> <span class='ocrx_word' id='word_1_131' title='bbox 843 1506 972 1566; x_wconf 83' lang='grc' dir='ltr'>Ἐπιδαύ-</span> 
     </span>
     <span class='ocr_line' id='line_1_18' title="bbox 172 1593 972 1673; baseline -0.003 -17"><span class='ocrx_word' id='word_1_132' title='bbox 172 1621 224 1672; x_wconf 87' lang='grc' dir='ltr'>ρου</span> <span class='ocrx_word' id='word_1_133' title='bbox 248 1595 399 1672; x_wconf 79' lang='grc' dir='ltr'>διαβάντας</span> <span class='ocrx_word' id='word_1_134' title='bbox 420 1601 448 1660; x_wconf 81' lang='grc' dir='ltr'>ές</span> <span class='ocrx_word' id='word_1_135' title='bbox 467 1597 519 1673; x_wconf 70' lang='grc' dir='ltr'>τήν</span> <span class='ocrx_word' id='word_1_136' title='bbox 541 1595 636 1673; x_wconf 78' lang='grc' dir='ltr'>νῆσον,</span> <span class='ocrx_word' id='word_1_137' title='bbox 660 1597 706 1654; x_wconf 84' lang='grc' dir='ltr'>καὶ</span> <span class='ocrx_word' id='word_1_138' title='bbox 728 1595 759 1655; x_wconf 79' lang='grc' dir='ltr'>οὐ</span> <span class='ocrx_word' id='word_1_139' title='bbox 780 1593 972 1672; x_wconf 85' lang='grc' dir='ltr'>προακηκοόσι</span> 
     </span>
     <span class='ocr_line' id='line_1_19' title="bbox 172 1681 972 1761; baseline 0.003 -19"><span class='ocrx_word' id='word_1_140' title='bbox 172 1687 249 1742; x_wconf 81' lang='grc' dir='ltr'>τοῖσι</span> <span class='ocrx_word' id='word_1_141' title='bbox 262 1682 437 1760; x_wconf 86' lang='grc' dir='ltr'>Ἀθηναίοισι</span> <span class='ocrx_word' id='word_1_142' title='bbox 452 1686 608 1746; x_wconf 89' lang='grc' dir='ltr'>ε’πιπεσέειν</span> <span class='ocrx_word' id='word_1_143' title='bbox 625 1684 851 1761; x_wconf 74' lang='grc' dir='ltr'>ὑποταμομένους</span> <span class='ocrx_word' id='word_1_144' title='bbox 866 1681 899 1742; x_wconf 84' lang='grc' dir='ltr'>τδ</span> <span class='ocrx_word' id='word_1_145' title='bbox 916 1682 972 1744; x_wconf 83' lang='grc' dir='ltr'>άπδ</span> 
     </span>
     <span class='ocr_line' id='line_1_20' title="bbox 173 1771 972 1852; baseline -0.003 -22"><span class='ocrx_word' id='word_1_146' title='bbox 173 1774 229 1832; x_wconf 75' lang='grc' dir='ltr'>τῶν</span> <span class='ocrx_word' id='word_1_147' title='bbox 242 1775 318 1831; x_wconf 82' lang='grc' dir='ltr'>νεῶν·</span> <span class='ocrx_word' id='word_1_148' title='bbox 341 1772 398 1850; x_wconf 82' lang='grc' dir='ltr'>ἅμα</span> <span class='ocrx_word' id='word_1_149' title='bbox 411 1799 442 1832; x_wconf 91' lang='grc' dir='ltr'>τε</span> <span class='ocrx_word' id='word_1_150' title='bbox 456 1778 485 1834; x_wconf 92' lang='grc' dir='ltr'>ε’ν</span> <span class='ocrx_word' id='word_1_151' title='bbox 498 1773 585 1852; x_wconf 78' lang='grc' dir='ltr'>τούτῳ</span> <span class='ocrx_word' id='word_1_152' title='bbox 598 1773 650 1848; x_wconf 73' lang='grc' dir='ltr'>τὴν</span> <span class='ocrx_word' id='word_1_153' title='bbox 659 1771 784 1850; x_wconf 80' lang='grc' dir='ltr'>βροντήν</span> <span class='ocrx_word' id='word_1_154' title='bbox 797 1798 828 1831; x_wconf 90' lang='grc' dir='ltr'>τε</span> <span class='ocrx_word' id='word_1_155' title='bbox 840 1771 972 1851; x_wconf 87' lang='grc' dir='ltr'>γενέσθαι</span> 
     </span>
     <span class='ocr_line' id='line_1_21' title="bbox 126 1857 971 1942; baseline 0 -25"><span class='ocrx_word' id='word_1_156' title='bbox 126 1861 163 1919; x_wconf 84' lang='grc'>87</span> <span class='ocrx_word' id='word_1_157' title='bbox 174 1860 220 1918; x_wconf 91' lang='grc' dir='ltr'>καὶ</span> <span class='ocrx_word' id='word_1_158' title='bbox 232 1859 282 1921; x_wconf 84' lang='grc' dir='ltr'>τδν</span> <span class='ocrx_word' id='word_1_159' title='bbox 295 1861 416 1938; x_wconf 82' lang='grc' dir='ltr'>σεισμδν</span> <span class='ocrx_word' id='word_1_160' title='bbox 427 1861 547 1927; x_wconf 74' lang='grc' dir='ltr'>αι’ντοίσι.</span> <span class='ocrx_word' id='word_1_161' title='bbox 588 1862 707 1942; x_wconf 87' lang='grc' dir='ltr'>Λέγεται</span> <span class='ocrx_word' id='word_1_162' title='bbox 720 1861 772 1936; x_wconf 89' lang='grc' dir='ltr'>μέν</span> <span class='ocrx_word' id='word_1_163' title='bbox 786 1885 833 1921; x_wconf 85' lang='grc' dir='ltr'>νυν</span> <span class='ocrx_word' id='word_1_164' title='bbox 844 1857 895 1917; x_wconf 73' lang='grc' dir='ltr'>’ὑπ’</span> <span class='ocrx_word' id='word_1_165' title='bbox 909 1857 971 1936; x_wconf 79' lang='grc' dir='ltr'>Ἀρ·</span> 
     </span>
     <span class='ocr_line' id='line_1_22' title="bbox 175 1947 971 2031; baseline -0.003 -23"><span class='ocrx_word' id='word_1_166' title='bbox 175 1948 257 2030; x_wconf 89' lang='grc' dir='ltr'>γείων</span> <span class='ocrx_word' id='word_1_167' title='bbox 271 1976 301 2010; x_wconf 92' lang='grc' dir='ltr'>τε</span> <span class='ocrx_word' id='word_1_168' title='bbox 320 1951 365 2010; x_wconf 87' lang='grc' dir='ltr'>καὶ</span> <span class='ocrx_word' id='word_1_169' title='bbox 387 1951 555 2031; x_wconf 84' lang='grc' dir='ltr'>Αἰγινητέων</span> <span class='ocrx_word' id='word_1_170' title='bbox 574 1949 649 2010; x_wconf 86' lang='grc' dir='ltr'>τάδε·</span> <span class='ocrx_word' id='word_1_171' title='bbox 671 1948 853 2029; x_wconf 81' lang='grc' dir='ltr'>ὁμολογέεται</span> <span class='ocrx_word' id='word_1_172' title='bbox 876 1947 905 2005; x_wconf 88' lang='grc' dir='ltr'>δὲ</span> <span class='ocrx_word' id='word_1_173' title='bbox 927 1949 971 2006; x_wconf 82' lang='grc' dir='ltr'>καὶ</span> 
     </span>
     <span class='ocr_line' id='line_1_23' title="bbox 173 2033 972 2116; baseline 0 -20"><span class='ocrx_word' id='word_1_174' title='bbox 173 2036 219 2096; x_wconf 75' lang='grc' dir='ltr'>ὑπ’</span> <span class='ocrx_word' id='word_1_175' title='bbox 236 2037 396 2115; x_wconf 87' lang='grc' dir='ltr'>Ἀθηναίων,</span> <span class='ocrx_word' id='word_1_176' title='bbox 419 2039 466 2099; x_wconf 79' lang='grc' dir='ltr'>ἕνα</span> <span class='ocrx_word' id='word_1_177' title='bbox 485 2042 588 2116; x_wconf 82' lang='grc' dir='ltr'>μοῦνον</span> <span class='ocrx_word' id='word_1_178' title='bbox 609 2037 658 2115; x_wconf 81' lang='grc' dir='ltr'>τδν</span> <span class='ocrx_word' id='word_1_179' title='bbox 680 2037 863 2096; x_wconf 71' lang='grc' dir='ltr'>ἀποσωθέντα</span> <span class='ocrx_word' id='word_1_180' title='bbox 885 2033 972 2096; x_wconf 79' lang='grc' dir='ltr'>α’ὖτῶν</span> 
     </span>
     <span class='ocr_line' id='line_1_24' title="bbox 176 2125 972 2207; baseline -0.003 -23"><span class='ocrx_word' id='word_1_181' title='bbox 176 2130 204 2188; x_wconf 84' lang='grc' dir='ltr'>ἒς</span> <span class='ocrx_word' id='word_1_182' title='bbox 223 2127 274 2202; x_wconf 76' lang='grc' dir='ltr'>τὴν</span> <span class='ocrx_word' id='word_1_183' title='bbox 296 2127 430 2202; x_wconf 77' lang='grc' dir='ltr'>Ἀττικήν</span> <span class='ocrx_word' id='word_1_184' title='bbox 453 2127 595 2207; x_wconf 90' lang='grc' dir='ltr'>γενέσθαι·</span> <span class='ocrx_word' id='word_1_185' title='bbox 618 2125 694 2201; x_wconf 75' lang='grc' dir='ltr'>πλὴν</span> <span class='ocrx_word' id='word_1_186' title='bbox 712 2125 834 2206; x_wconf 85' lang='grc' dir='ltr'>Ἀργεῖοι</span> <span class='ocrx_word' id='word_1_187' title='bbox 855 2126 907 2200; x_wconf 81' lang='grc' dir='ltr'>μὲν</span> <span class='ocrx_word' id='word_1_188' title='bbox 927 2125 972 2182; x_wconf 88' lang='grc' dir='ltr'>λέ-</span> 
     </span>
     <span class='ocr_line' id='line_1_25' title="bbox 174 2211 972 2294; baseline 0 -22"><span class='ocrx_word' id='word_1_189' title='bbox 174 2239 266 2294; x_wconf 87' lang='grc' dir='ltr'>γουσι,</span> <span class='ocrx_word' id='word_1_190' title='bbox 281 2213 370 2273; x_wconf 76' lang='grc' dir='ltr'>αὐτῶν</span> <span class='ocrx_word' id='word_1_191' title='bbox 390 2212 423 2272; x_wconf 80' lang='grc' dir='ltr'>τδ</span> <span class='ocrx_word' id='word_1_192' title='bbox 444 2213 571 2273; x_wconf 82' lang='grc' dir='ltr'>Ἀττικδν</span> <span class='ocrx_word' id='word_1_193' title='bbox 588 2211 779 2292; x_wconf 72' lang='grc' dir='ltr'>στρατόπεδον</span> <span class='ocrx_word' id='word_1_194' title='bbox 799 2211 972 2288; x_wconf 85' lang='grc' dir='ltr'>διαφθειράν-</span> 
     </span>
     <span class='ocr_line' id='line_1_26' title="bbox 175 2299 973 2382; baseline -0.001 -23"><span class='ocrx_word' id='word_1_195' title='bbox 175 2326 229 2359; x_wconf 89' lang='grc' dir='ltr'>των</span> <span class='ocrx_word' id='word_1_196' title='bbox 249 2300 299 2360; x_wconf 82' lang='grc' dir='ltr'>τόν</span> <span class='ocrx_word' id='word_1_197' title='bbox 317 2300 365 2358; x_wconf 79' lang='grc' dir='ltr'>ἕνα</span> <span class='ocrx_word' id='word_1_198' title='bbox 383 2305 482 2360; x_wconf 80' lang='grc' dir='ltr'>τοῦτον</span> <span class='ocrx_word' id='word_1_199' title='bbox 500 2301 702 2382; x_wconf 81' lang='grc' dir='ltr'>περιγενέσθαι,</span> <span class='ocrx_word' id='word_1_200' title='bbox 717 2299 860 2377; x_wconf 83' lang='grc' dir='ltr'>Ἀθηναῖοι</span> <span class='ocrx_word' id='word_1_201' title='bbox 877 2299 906 2358; x_wconf 78' lang='grc' dir='ltr'>δὲ</span> <span class='ocrx_word' id='word_1_202' title='bbox 923 2304 973 2358; x_wconf 84' lang='grc' dir='ltr'>τοῦ</span> 
     </span>
     <span class='ocr_line' id='line_1_27' title="bbox 175 2386 973 2468; baseline 0.001 -22"><span class='ocrx_word' id='word_1_203' title='bbox 175 2387 327 2463; x_wconf 85' lang='grc' dir='ltr'>δαιμονίου,</span> <span class='ocrx_word' id='word_1_204' title='bbox 341 2389 536 2468; x_wconf 85' lang='grc' dir='ltr'>περιγενέσθαι</span> <span class='ocrx_word' id='word_1_205' title='bbox 556 2389 651 2465; x_wconf 88' lang='grc' dir='ltr'>μέντοι</span> <span class='ocrx_word' id='word_1_206' title='bbox 668 2389 729 2448; x_wconf 76' lang='grc' dir='ltr'>οὐδὲ</span> <span class='ocrx_word' id='word_1_207' title='bbox 743 2393 842 2448; x_wconf 82' lang='grc' dir='ltr'>τοῦτον</span> <span class='ocrx_word' id='word_1_208' title='bbox 855 2386 904 2448; x_wconf 79' lang='grc' dir='ltr'>τάν</span> <span class='ocrx_word' id='word_1_209' title='bbox 918 2388 973 2458; x_wconf 77' lang='grc' dir='ltr'>ἕνα,</span> 
     </span>
     <span class='ocr_line' id='line_1_28' title="bbox 175 2474 974 2556; baseline 0.001 -23"><span class='ocrx_word' id='word_1_210' title='bbox 175 2474 240 2533; x_wconf 74' lang='grc' dir='ltr'>ἀλλ’</span> <span class='ocrx_word' id='word_1_211' title='bbox 262 2474 422 2536; x_wconf 75' lang='grc' dir='ltr'>ἀπολέσθαι</span> <span class='ocrx_word' id='word_1_212' title='bbox 448 2476 541 2556; x_wconf 84' lang='grc' dir='ltr'>τρόπῳ</span> <span class='ocrx_word' id='word_1_213' title='bbox 568 2476 672 2555; x_wconf 76' lang='grc' dir='ltr'>τοιῷδε·</span> <span class='ocrx_word' id='word_1_214' title='bbox 701 2477 844 2553; x_wconf 84' lang='grc' dir='ltr'>κομισθεὶς</span> <span class='ocrx_word' id='word_1_215' title='bbox 871 2474 925 2555; x_wconf 76' lang='grc' dir='ltr'>γάρ</span> <span class='ocrx_word' id='word_1_216' title='bbox 948 2481 974 2539; x_wconf 78' lang='grc' dir='ltr'>ἐς</span> 
     </span>
     <span class='ocr_line' id='line_1_29' title="bbox 174 2562 974 2646; baseline 0.004 -24"><span class='ocrx_word' id='word_1_217' title='bbox 174 2562 224 2625; x_wconf 83' lang='grc' dir='ltr'>τοίς</span> <span class='ocrx_word' id='word_1_218' title='bbox 238 2563 357 2639; x_wconf 83' lang='grc' dir='ltr'>Ἀθήνας</span> <span class='ocrx_word' id='word_1_219' title='bbox 371 2563 526 2646; x_wconf 69' lang='grc' dir='ltr'>ἀπήγγειλε</span> <span class='ocrx_word' id='word_1_220' title='bbox 542 2565 575 2625; x_wconf 83' lang='grc' dir='ltr'>τδ</span> <span class='ocrx_word' id='word_1_221' title='bbox 594 2564 692 2628; x_wconf 87' lang='grc' dir='ltr'>πάθος·</span> <span class='ocrx_word' id='word_1_222' title='bbox 713 2565 870 2641; x_wconf 86' lang='grc' dir='ltr'>πυθομένας</span> <span class='ocrx_word' id='word_1_223' title='bbox 884 2562 913 2621; x_wconf 83' lang='grc' dir='ltr'>δὲ</span> <span class='ocrx_word' id='word_1_224' title='bbox 925 2563 974 2626; x_wconf 87' lang='grc' dir='ltr'>τιίς</span> 
     </span>
     <span class='ocr_line' id='line_1_30' title="bbox 176 2651 974 2734; baseline 0 -25"><span class='ocrx_word' id='word_1_225' title='bbox 176 2655 308 2732; x_wconf 83' lang='grc' dir='ltr'>γυναῖκας</span> <span class='ocrx_word' id='word_1_226' title='bbox 328 2656 383 2712; x_wconf 81' lang='grc' dir='ltr'>τῶν</span> <span class='ocrx_word' id='word_1_227' title='bbox 404 2652 445 2711; x_wconf 80' lang='grc' dir='ltr'>ἐπ’</span> <span class='ocrx_word' id='word_1_228' title='bbox 460 2653 576 2734; x_wconf 81' lang='grc' dir='ltr'>Αἴγιναν</span> <span class='ocrx_word' id='word_1_229' title='bbox 597 2653 846 2729; x_wconf 88' lang='grc' dir='ltr'>στρατευσαμένων</span> <span class='ocrx_word' id='word_1_230' title='bbox 861 2651 974 2728; x_wconf 73' lang='grc' dir='ltr'>ἀνδρῶν,</span> 
     </span>
     <span class='ocr_line' id='line_1_31' title="bbox 176 2737 976 2820; baseline 0 -23"><span class='ocrx_word' id='word_1_231' title='bbox 176 2738 264 2798; x_wconf 89' lang='grc' dir='ltr'>δεινόν</span> <span class='ocrx_word' id='word_1_232' title='bbox 284 2765 312 2820; x_wconf 87' lang='grc' dir='ltr'>τι</span> <span class='ocrx_word' id='word_1_233' title='bbox 336 2742 527 2818; x_wconf 89' lang='grc' dir='ltr'>ποιησαμένας</span> <span class='ocrx_word' id='word_1_234' title='bbox 549 2743 639 2800; x_wconf 81' lang='grc' dir='ltr'>κεῖνον</span> <span class='ocrx_word' id='word_1_235' title='bbox 662 2744 765 2818; x_wconf 80' lang='grc' dir='ltr'>μοῦνον</span> <span class='ocrx_word' id='word_1_236' title='bbox 792 2740 822 2809; x_wconf 79' lang='grc' dir='ltr'>ἐξ</span> <span class='ocrx_word' id='word_1_237' title='bbox 848 2737 976 2798; x_wconf 76' lang='grc' dir='ltr'>ἁπάντων</span> 
     </span>
     <span class='ocr_line' id='line_1_32' title="bbox 177 2825 976 2905; baseline -0.001 -20"><span class='ocrx_word' id='word_1_238' title='bbox 177 2826 309 2901; x_wconf 82' lang='grc' dir='ltr'>σωθῆναι,</span> <span class='ocrx_word' id='word_1_239' title='bbox 324 2828 406 2904; x_wconf 82' lang='grc' dir='ltr'>πέριξ</span> <span class='ocrx_word' id='word_1_240' title='bbox 422 2828 472 2888; x_wconf 79' lang='grc' dir='ltr'>τᾶν</span> <span class='ocrx_word' id='word_1_241' title='bbox 489 2827 633 2905; x_wconf 81' lang='grc' dir='ltr'>ἄνθρωπον</span> <span class='ocrx_word' id='word_1_242' title='bbox 650 2831 751 2888; x_wconf 83' lang='grc' dir='ltr'>τοῦτον</span> <span class='ocrx_word' id='word_1_243' title='bbox 768 2831 806 2886; x_wconf 90' lang='grc' dir='ltr'>λα</span> <span class='ocrx_word' id='word_1_244' title='bbox 830 2825 916 2888; x_wconf 76' lang='grc' dir='ltr'>οὔσας</span> <span class='ocrx_word' id='word_1_245' title='bbox 931 2826 976 2884; x_wconf 89' lang='grc' dir='ltr'>καὶ</span> 
     </span>
     <span class='ocr_line' id='line_1_33' title="bbox 177 2911 976 2993; baseline -0.003 -19"><span class='ocrx_word' id='word_1_246' title='bbox 177 2911 325 2978; x_wconf 76' lang='grc' dir='ltr'>κεντεύσας</span> <span class='ocrx_word' id='word_1_247' title='bbox 337 2919 405 2992; x_wconf 78' lang='grc' dir='ltr'>τῇσι</span> <span class='ocrx_word' id='word_1_248' title='bbox 424 2915 561 2993; x_wconf 77' lang='grc' dir='ltr'>περόνῃσι</span> <span class='ocrx_word' id='word_1_249' title='bbox 576 2919 631 2974; x_wconf 78' lang='grc' dir='ltr'>τῶν</span> <span class='ocrx_word' id='word_1_250' title='bbox 646 2916 767 2990; x_wconf 81' lang='grc' dir='ltr'>ἱματίων,</span> <span class='ocrx_word' id='word_1_251' title='bbox 782 2917 896 2990; x_wconf 77' lang='grc' dir='ltr'>εἰρωτᾶν</span> <span class='ocrx_word' id='word_1_252' title='bbox 917 2911 976 2972; x_wconf 81' lang='grc' dir='ltr'>ἑκά-</span> 
     </span>
     <span class='ocr_line' id='line_1_34' title="bbox 179 3001 977 3079; baseline 0 -17"><span class='ocrx_word' id='word_1_253' title='bbox 179 3028 251 3079; x_wconf 91' lang='grc' dir='ltr'>στην</span> <span class='ocrx_word' id='word_1_254' title='bbox 265 3001 368 3062; x_wconf 82' lang='grc' dir='ltr'>αὐτέων</span> <span class='ocrx_word' id='word_1_255' title='bbox 382 3003 433 3078; x_wconf 87' lang='grc' dir='ltr'>ὄκη</span> <span class='ocrx_word' id='word_1_256' title='bbox 447 3004 488 3078; x_wconf 86' lang='grc' dir='ltr'>εἴη</span> <span class='ocrx_word' id='word_1_257' title='bbox 502 3003 518 3061; x_wconf 81' lang='grc' dir='ltr'>ὁ</span> <span class='ocrx_word' id='word_1_258' title='bbox 533 3006 632 3076; x_wconf 82' lang='grc' dir='ltr'>ἑωυτῆς</span> <span class='ocrx_word' id='word_1_259' title='bbox 646 3001 714 3078; x_wconf 79' lang='grc' dir='ltr'>ἀνήρ</span> <span class='ocrx_word' id='word_1_260' title='bbox 726 3028 733 3072; x_wconf 82' lang='lat'>3</span> <span class='ocrx_word' id='word_1_261' title='bbox 756 3002 801 3060; x_wconf 85' lang='grc' dir='ltr'>καὶ</span> <span class='ocrx_word' id='word_1_262' title='bbox 814 3004 913 3062; x_wconf 79' lang='grc' dir='ltr'>τοῦτον</span> <span class='ocrx_word' id='word_1_263' title='bbox 926 3004 977 3077; x_wconf 83' lang='grc' dir='ltr'>μὲν</span> 
     </span>
     <span class='ocr_line' id='line_1_35' title="bbox 179 3087 978 3168; baseline 0.003 -18"><span class='ocrx_word' id='word_1_264' title='bbox 179 3090 248 3151; x_wconf 76' lang='grc' dir='ltr'>οὕτω</span> <span class='ocrx_word' id='word_1_265' title='bbox 272 3091 470 3168; x_wconf 86' lang='grc' dir='ltr'>διαφθαρῆναι·</span> <span class='ocrx_word' id='word_1_266' title='bbox 495 3087 670 3165; x_wconf 85' lang='grc' dir='ltr'>Ἀθηναίοισι</span> <span class='ocrx_word' id='word_1_267' title='bbox 690 3088 719 3147; x_wconf 79' lang='grc' dir='ltr'>δὲ</span> <span class='ocrx_word' id='word_1_268' title='bbox 741 3090 780 3149; x_wconf 83' lang='grc' dir='ltr'>ἔτι</span> <span class='ocrx_word' id='word_1_269' title='bbox 801 3091 851 3148; x_wconf 85' lang='grc' dir='ltr'>τοῦ</span> <span class='ocrx_word' id='word_1_270' title='bbox 875 3087 978 3152; x_wconf 82' lang='grc' dir='ltr'>πάθεος</span> 
     </span>
     <span class='ocr_line' id='line_1_36' title="bbox 178 3175 977 3258; baseline -0.001 -20"><span class='ocrx_word' id='word_1_271' title='bbox 178 3178 330 3258; x_wconf 82' lang='grc' dir='ltr'>δεινότερόν</span> <span class='ocrx_word' id='word_1_272' title='bbox 352 3204 381 3240; x_wconf 91' lang='grc' dir='ltr'>τι</span> <span class='ocrx_word' id='word_1_273' title='bbox 401 3176 479 3246; x_wconf 78' lang='grc' dir='ltr'>δόξαι</span> <span class='ocrx_word' id='word_1_274' title='bbox 503 3176 572 3237; x_wconf 79' lang='grc' dir='ltr'>εἶναι</span> <span class='ocrx_word' id='word_1_275' title='bbox 594 3175 627 3236; x_wconf 86' lang='grc' dir='ltr'>τδ</span> <span class='ocrx_word' id='word_1_276' title='bbox 650 3179 705 3236; x_wconf 81' lang='grc' dir='ltr'>τῶν</span> <span class='ocrx_word' id='word_1_277' title='bbox 727 3179 863 3257; x_wconf 77' lang='grc' dir='ltr'>γυναικῶν</span> <span class='ocrx_word' id='word_1_278' title='bbox 887 3176 977 3256; x_wconf 81' lang='grc' dir='ltr'>ἔργον·</span> 
     </span>
     <span class='ocr_line' id='line_1_37' title="bbox 175 3261 978 3346; baseline -0.004 -19"><span class='ocrx_word' id='word_1_279' title='bbox 175 3261 257 3346; x_wconf 74' lang='grc' dir='ltr'>’άλλη</span> <span class='ocrx_word' id='word_1_280' title='bbox 274 3269 327 3344; x_wconf 80' lang='grc' dir='ltr'>μὲν</span> <span class='ocrx_word' id='word_1_281' title='bbox 345 3265 379 3343; x_wconf 69' lang='grc' dir='ltr'>δὴ</span> <span class='ocrx_word' id='word_1_282' title='bbox 400 3265 449 3326; x_wconf 78' lang='grc' dir='ltr'>οὐκ</span> <span class='ocrx_word' id='word_1_283' title='bbox 468 3266 541 3345; x_wconf 82' lang='grc' dir='ltr'>ἔχειν</span> <span class='ocrx_word' id='word_1_284' title='bbox 557 3263 624 3344; x_wconf 80' lang='grc' dir='ltr'>ὅτεῳ</span> <span class='ocrx_word' id='word_1_285' title='bbox 643 3263 805 3342; x_wconf 76' lang='grc' dir='ltr'>ζημιώσωσι</span> <span class='ocrx_word' id='word_1_286' title='bbox 822 3262 872 3328; x_wconf 85' lang='grc' dir='ltr'>τιίς</span> <span class='ocrx_word' id='word_1_287' title='bbox 884 3267 978 3343; x_wconf 81' lang='grc' dir='ltr'>γυναῖ-</span> 
     </span>
    </p>
   </div>
   <div class='ocr_carea' id='block_1_2' title="bbox 0 0 1115 3430">
    <p class='ocr_par' dir='ltr' id='par_1_2' title="bbox 0 0 1115 3430">
     <span class='ocr_line' id='line_1_38' title="bbox 0 0 1115 3430; baseline 0 0"><span class='ocrx_word' id='word_1_288' title='bbox 0 0 1115 3430; x_wconf 95' lang='lat' dir='ltr'> </span> 
     </span>
    </p>
   </div>
  </div>
 </body>
</html>
