2294 3430
205 83 332 148 ου’-ιιι]
543 83 658 134 nmo.
972 85 1011 146 οι

204 164 380 242 ἐλάμβανον·
405 163 441 228 οἷς
460 163 491 224 δέ
510 163 708 241 περιπλέοντες
725 162 777 227 τάς
792 163 896 240 νήσους
914 189 1004 241 προσ-

204 253 291 341 έσχον
309 252 356 312 καὶ
370 257 397 315 ἐς
410 251 570 329 Κάρυστον,
589 250 634 332 (ού
652 251 707 332 ηλῖρ
729 249 764 327 δη
786 254 889 327 σφι
863 278 890 311 οι
911 251 1004 329 Καρύ-

169 352 279 446 3στιοι
293 339 356 400 αι”πε
369 339 491 418 ὁμήρους
505 338 686 400 ἐδίδοσαν*
654 365 717 398 ουτε
738 340 875 416 έφασαν’
862 365 907 398 επι
897 338 1004 403 πόλις

203 426 402 509 ἀστυγείτονας
423 427 635 510 στρατεύεσθαι,
656 426 787 508 λέγοντες
806 424 950 505 Ἐρέτριάν
972 453 1004 487 τε

166 531 201 602 ις’
204 541 249 574 και
270 515 411 594 Ἀθήνας)
433 515 551 575 ἐνθαῦτα
571 514 686 578 τούτους
708 514 887 591 ἐπολιόρκεόν
908 514 1004 576 τεκαὶ

201 603 254 679 τὴν
266 607 320 684 γῆν
334 603 458 679 σφέων”
444 628 556 680 εκειρον,
571 607 599 665 ἐς
619 601 635 662 ὃ
654 601 699 661 καὶ
720 627 747 661 οι
737 601 917 678 Καρύστιοι
933 629 1002 679 παρ-

170 691 377 813 ηέστησαν
342 696 370 754 ἐς
382 695 437 752 τοῖν
450 691 585 768 Περσέων
597 715 649 766 την
668 689 790 772 γνιύμην.
830 688 983 768 Ἐρετριέες
992 693 1049 750 100

202 777 232 836 δέ
253 778 455 856 πυνθανόμενοι
481 804 533 854 την
556 803 692 854 στρατιην
711 777 764 853 τὴν
785 778 968 855 Περσικῆν’
955 779 1001 838 επὶ

202 865 295 941 σφέας
322 868 521 935 ἐπιπλέουσαν,
547 864 701 940 Ἀθηναίων
733 865 887 940 ἐδεήθησαν
913 867 1002 942 σφίσι

200 953 326 1028 βοηθούς
345 955 487 1034 γενέσθαι·
508 951 652 1028 Ἀθηναῖοι
665 951 696 1010 δέ
709 951 758 1010 ούκ
779 950 932 1012 α’πείπαντο
950 952 1002 1028 τὴν

155 1057 189 1118 s(
202 1040 368 1118 ἐπικουρίην,
382 1040 459 1100 md
474 1041 539 1104 τούς
558 1039 800 1117 τετρακισχιλίους
818 1041 1001 1118 κληρουχέον-

200 1153 250 1191 τας
262 1133 317 1188 τῶν
333 1130 511 1206 ἱπποβοτέων
525 1127 688 1187 Χαλκιδέων
703 1125 755 1201 τὴν
770 1125 871 1208 χώρην,
886 1126 1001 1192 τούτους

153 1221 192 1295 s]
201 1211 258 1291 σφιΙ
278 1216 388 1276 διδοῦσι
408 1215 553 1294 τιμωρούς·
576 1219 632 1276 τιῖιν
654 1215 687 1294 δέ
707 1213 869 1292 Ἐρετριέων
891 1212 926 1291 ἦν
946 1213 1002 1292 άρα

201 1299 279 1363 οὐδὲν
299 1303 374 1384 ύμές
393 1305 550 1382 βούλευμα·
572 1303 599 1364 οἳ
619 1303 831 1381 μετεπέμποντο
848 1301 901 1380 μὲν
917 1301 1000 1380 Ἀθη-

154 1389 203 1467 As
200 1391 301 1462 ναίους,
316 1391 449 1470 ἐφρόνεον
467 1393 497 1452 δέ
512 1392 648 1468 διφασίας
668 1391 750 1456 ἰδέας·
771 1393 799 1452 οἶ
813 1391 932 1473 μὲνγὰρ
952 1391 999 1451 αύ-

199 1481 255 1538 τῶν
272 1480 459 1555 ἐβουλεύοντο
473 1485 596 1540 ἐκλιπεῖν
608 1480 661 1556 την
673 1479 759 1541 πόλιν
773 1484 801 1544 ἐς
813 1480 849 1540 τά
863 1478 935 1558 άκρα
947 1484 998 1557 τῆς

157 1566 333 1668 ΙβΕύβοίης,
347 1567 433 1628 άλλοι
446 1569 476 1628 δὲ
489 1569 578 1629 αὐτῶν
590 1569 647 1628 ἴδια
668 1569 765 1646 κέρδεα
780 1569 1000 1646 προσδεκόμενοι

199 1655 275 1732 παρά
287 1657 338 1716 τοῦ
353 1657 471 1734 Πέρσεω
485 1657 625 1727 οἴσεσθαι,
638 1657 793 1733 προδοσίην
807 1657 998 1728 ἐσκευάζοντο·

151 1744 296 1861 βφμαθιύν
309 1743 339 1802 δὲ
351 1745 456 1804 τούτων
469 1743 585 1821 ἑκάτερα
603 1741 638 1807 ok
651 1743 709 1822 εἶχε
721 1745 858 1823 Αἰσχίνης
872 1743 888 1804 ό
902 1744 999 1804 Νόθω-

199 1855 254 1901 νος,
277 1831 329 1890 ἐῶν
351 1836 407 1890 τῶν
426 1831 587 1907 Ἐρετριέων
609 1830 646 1889 τοὶ
668 1834 773 1906 πρῶτα,
798 1830 897 1907 φράζει
922 1836 999 1896 τοῖσι

138 1916 301 2001 λνῆκουσι
329 1921 385 1976 τοῖν
410 1917 564 1991 Ἀθηναίων
593 1916 685 1974 πάντα
711 1915 748 1974 τοὶ
773 1915 913 1992 παρεόντα
943 1924 999 1993 σφι

199 2003 353 2083 πρήγματα
373 2002 540 2080 προσεδέετό
552 2027 584 2062 τε
596 2001 842 2062 α’παλλάσσεσθαί
859 2009 951 2078 σφεας
971 2010 999 2068 ἐς

131 2088 251 2174 Μτήν
271 2091 413 2167 σφετέρην
434 2090 478 2150 ἵνα
497 2088 538 2167 μη
558 2088 804 2166 προσαπόλωνται·
825 2090 897 2149 οἶδὲ
916 2088 998 2168 Ἀθη-

199 2179 272 2237 ναῖοι
283 2181 372 2238 ταῦτα
385 2179 507 2258 Αἰσχίνη
519 2175 768 2254 συμβουλεύσαντι
781 2177 933 2238 πείθονται·
952 2181 998 2238 καὶ

142 2262 275 2342 Μοῖντοι
292 2267 345 2344 μὲν
363 2266 511 2343 διαβάντες
529 2270 557 2330 ἐς
573 2263 701 2342 Ὠρωπόν
717 2266 820 2337 ἔσωζον
838 2267 930 2342 σφέας
948 2267 995 2326 αύ-

197 2353 270 2417 τούς.
313 2359 351 2416 Oi
369 2355 398 2416 δὲ
415 2356 527 2433 Πέρσαι
541 2355 676 2418 πλέοντες
692 2353 831 2433 κατέσχον
847 2353 898 2418 τάς
915 2357 978 2419 νέας
988 2358 1043 2416 101

146 2445 246 2554 Ζρτῆς
258 2441 420 2522 ’Ἐρετρικῆς
431 2445 524 2524 χύρης
537 2442 608 2503 κατά
621 2441 750 2519 Ταμύνας
763 2442 809 2502 καὶ
819 2443 939 2520 Χοιρέας
952 2445 998 2504 καὶ

197 2532 322 2610 Αἰγίλεα·
351 2533 539 2612 κατασχόντες
563 2532 593 2591 δὲ
615 2535 703 2591 ταῦτα
722 2530 758 2592 τό
777 2530 875 2610 χωρία,
899 2529 998 2591 αύτίκα

133 2629 189 2720 λη
198 2615 298 2682 ἵππους
305 2645 336 2678 τε
350 2620 550 2696 ἐξεβάλλοντο,
559 2618 605 2677 καὶ
615 2617 856 2695 παρεσκευάζοντο
866 2617 902 2682 οῖς
909 2643 999 2696 προσ-

198 2702 341 2780 οισόμενοι
360 2710 438 2767 τοῖσι
456 2708 597 2786 ἐχθροῖσι·
622 2708 649 2766 οἶ
669 2705 698 2764 δέ
715 2705 867 2782 Ἐρετριέες
886 2707 996 2775 ἐπεξελ-

141 2794 187 2860 J!
198 2788 256 2848 θεῖν
282 2793 334 2866 μέν
357 2795 403 2852 καὶ
425 2794 570 2872 μάχεσθαι
593 2793 643 2854 ούκ
667 2797 809 2854 ἐποιεῦντο
828 2792 950 2868 βουλήν·
972 2794 997 2853 εἴ

197 2901 250 2940 κως
270 2876 301 2936 δὲ
322 2879 523 2954 διαφυλάξαιεν
538 2881 574 2942 τά
591 2881 695 2961 τείχεα,
715 2879 815 2940 τούτου
836 2885 893 2954 σφι
913 2881 995 2956 ἐμελε

137 2964 235 3035 33'
196 2989 269 3043 περι,
284 2967 346 3025 ἐπεί
356 2991 387 3027 τε
403 2967 479 3026 ἐνίκα
495 2994 535 3044 μη
527 2967 722 3029 ἐκλιπεῖν
686 2993 739 3044 την
752 2967 847 3028 πόλιν·
841 2967 995 3076 ·προσβο-

195 3055 249 3131 λῆς
269 3054 299 3113 δέ
318 3054 464 3136 γινομένης
485 3061 618 3168 καρτερῆς
637 3056 707 3134 πρδς
719 3082 752 3116 το
766 3057 865 3159 τεῖχος,
882 3052 997 3112 ἔπιπτον

134 3145 242 3206 θθέπι
232 3142 318 3214 ἐξ
299 3143 406 3222 ημέρας
418 3143 572 3202 πολλοὶ
538 3169 589 3220 μεν
603 3143 779 3222 ἀμφοτέρων·
794 3166 831 3218 τῃ
817 3139 874 3196 δέ
888 3135 997 3218 ἐβδόμῃ

194 3231 351 3312 Ευφορβός
369 3257 401 3294 τε
415 3258 431 3291 ο
423 3229 620 3312 ιἈλκιμάχου
636 3255 682 3290 και
672 3230 838 3309 Φίλαγρος
850 3251 866 3285 ο
858 3223 995 3347 Κυνέοη
