2294 3430
148 99 193 149 112
449 99 631 150 Ἦνοιοτοπ
882 93 945 160 [VI.

150 204 205 255 ρων
221 177 376 256 ἠρέσκοντο
397 181 424 240 οἶ
444 176 491 238 ἀπ’
503 177 642 253 Ἀθηνέων
658 176 814 258 ἀπιγμένοι,
829 173 875 234 καὶ
886 173 948 234 τοιί-

151 291 204 326 πων
220 269 334 342 μᾶλλον
351 265 546 340 Ἱπποκλείδης
564 263 748 341 ὁΤισάνδρου
767 264 813 321 καὶ
831 261 889 322 κατ’
903 261 948 323 ἀν-

151 353 303 434 δραγαθίην
319 354 447 430 ἐκρίνετο,
462 353 508 412 καὶ
521 351 565 412 ὅτι
577 351 614 412 τά
627 351 743 411 ἀνέκαθε
755 354 832 410 τοῖσι
849 355 878 409 ἐν
892 356 949 409 Κο-

106 442 255 520 129ρίνθῳ
269 440 448 520 Κυψελίδῃσι
464 439 499 515 ῆν
516 439 673 518 προσήκων.
714 437 764 502 Ὡς
784 436 849 512 δέή
870 439 949 514 κυρίη

152 528 260 608 ἐγένετο
278 531 334 588 τοῖν
351 527 474 604 ῆμερέων
491 531 542 603 πῆς
557 553 588 587 τε
602 527 782 589 κατακλίσιος
793 527 843 585 τοῦ
855 523 949 605 γάμου

151 616 198 673 καὶ
211 614 347 690 ἐκφάσιος
360 613 444 673 αὐτοῦ
458 615 652 684 Κλεισθένεος,
665 613 716 674 τάν
733 614 821 691 κρίνοι
836 615 866 670 ἐκ
881 611 948 672 πάν-

150 727 213 771 των,
228 700 316 764 θύσας
328 702 401 777 βοῦς
413 702 511 762 ε’κατάν
523 701 539 762 ὁ
550 701 725 776 Κλεισθένης
738 699 837 778 εὖιίχεε
850 697 950 762 αὐτούς

150 814 182 848 τε
199 787 263 851 τούς
280 791 444 865 μνηστῆρας
463 789 509 847 καὶ
524 788 589 852 τούς
603 787 766 852 Σικυωνίους
779 785 895 849 πάντας·
913 785 949 850 οἷς

151 875 182 934 δέ
203 874 258 935 ἀπά
280 875 392 936 δείπνου
414 875 549 956 ἐγένοντο,
568 878 595 934 οἱ
616 878 774 952 μνηστῆρες
795 876 851 950 έριν
872 872 949 952 εἶχον

151 961 230 1040 ἀμφί
249 989 280 1022 τε
302 966 426 1041 μουσικῇ
450 963 555 1042 καὶτῷ
578 962 719 1042 λεγομένῳ
743 965 770 1024 ἐς
791 960 825 1020 τά
848 961 948 1037 μέσον·

150 1050 303 1127 προϊούσης
322 1051 352 1110 δέ
371 1054 421 1126 τῆς
438 1050 547 1120 πόσιος,
562 1050 684 1127 κατέχων
696 1047 808 1108 πολλάν
820 1046 886 1110 τούς
898 1047 948 1107 ἀλ-

152 1140 219 1200 λους
232 1137 247 1197 ὁ
259 1137 462 1213 Ἱπποκλείδης,
477 1138 587 1196 ἐκέλευέ
606 1140 632 1195 οἱ
652 1135 702 1196 τάν
722 1134 848 1211 αάλητῆν
861 1135 948 1210 αὐλῆ-

152 1249 202 1283 σαι
222 1226 381 1302 ἐμμέλειαν·
405 1223 571 1300 πειθομένου
593 1223 622 1282 δέ
642 1227 693 1282 τοῦ
711 1221 844 1298 αὐλητέω,
865 1221 949 1301 ἀρχή-

151 1335 238 1371 σατα·
267 1311 315 1370 καί
334 1337 386 1375 κως
408 1314 495 1389 ἐωυπιῆ
516 1313 568 1387 μέν
590 1310 714 1387 ἀρεστῶς
737 1308 860 1388 ὀρχέετο,
881 1309 897 1370 ὁ
919 1311 949 1370 δὲ

152 1399 327 1474 Κλεισθένης
340 1399 424 1474 ἀρέων
441 1397 510 1458 ὅλον
527 1397 561 1458 τδ
579 1401 698 1478 πρῆγμα
710 1396 857 1457 άπόπτευε·
877 1393 948 1473 μετά

152 1485 190 1556 δὲ,
201 1487 325 1564 ἐπισχὼν
336 1485 351 1545 ὁ
365 1485 559 1562 Ἱπποκλείδης
568 1486 677 1564 χρόνον,
689 1486 798 1545 ἐκέλευέ
809 1511 871 1546 τινα
883 1484 949 1562 τρά-

151 1574 237 1643 πεζαν
250 1577 393 1633 ἐσενεῖκαι·
408 1572 582 1650 ἐσελθούσης
594 1573 624 1632 δὲ
636 1577 687 1648 τῆς
699 1573 843 1650 τραπέζης,
852 1576 949 1650 πρῶτα

151 1662 204 1736 μὲν
220 1658 261 1719 ἐπ’
275 1659 360 1735 αὐτῆς
375 1659 520 1739 ὀρχήσατο
538 1661 683 1720 Λακωνικοὶ
704 1659 858 1740 σχημάτια·
878 1659 949 1737 μετοὶ

153 1747 190 1816 δέ,
205 1746 282 1806 ἀλλα
295 1747 418 1808 Ἀττικά·
437 1746 471 1807 τά
493 1749 586 1825 τρίτον
607 1747 645 1818 δέ,
661 1747 714 1823 τῆν
734 1747 862 1823 κεφαλὴν
882 1749 949 1824 ἐρεί-

152 1859 206 1897 σας
220 1835 265 1893 ἐπὶ
278 1834 330 1911 τῆν
348 1834 487 1912 τράπεζαν
507 1839 583 1894 τοῖσι
602 1836 720 1895 σκέλεσι
740 1834 948 1912 ἐχειρονόμησε·

154 1923 328 1998 Κλεισθένης
340 1923 377 1994 δέ,
391 1923 427 1982 τά
440 1925 492 2001 μὲν
504 1926 601 2000 πριῖῖπα
614 1924 660 1981 καὶ
672 1920 709 1981 τά
727 1921 840 1999 δεύτερα
853 1921 948 2000 ὄρχεα·

150 2010 235 2084 μένου
254 2009 435 2090 ἀποστυγέων
450 2010 583 2092 γαμβράν
603 2008 638 2069 ἀν
658 2013 685 2068 οἱ
698 2010 737 2068 ἐτι
749 2009 880 2090 γενέσθαι
891 2008 948 2068 Ἰπ·

151 2099 307 2169 ποκλείδεα,
330 2098 375 2157 διὰ
396 2098 447 2174 τήν
467 2123 499 2176 τε
519 2097 639 2177 ὄρχησιν
661 2097 707 2156 καὶ
727 2097 779 2172 τῆν
801 2096 947 2174 ἀναιδείην,

152 2189 262 2264 κατεῖχε
283 2185 382 2245 ἐωιπάν
402 2184 435 2244 οὔ
448 2186 623 2262 βουλόμενος
639 2187 788 2266 ἐκραγῆναι
809 2189 837 2248 ἐς
854 2184 948 2246 αὐτόν·

155 2271 190 2336 οἷς
213 2273 242 2331 δέ
264 2272 318 2330 εἶδε
341 2275 418 2332 τοῖσι
441 2273 559 2332 σκέλεσι
581 2271 831 2350 χειρονομήσαντα,
858 2272 949 2334 οὐκέτι

152 2361 278 2439 κατέχειν
297 2359 446 2436 δυνάμενος
466 2359 534 2418 εἶπε·
556 2359 603 2420 “ὧ
619 2364 672 2419 παῖ
686 2359 850 2438 Τισάνδρου,
863 2358 949 2437 ἀπορ-

151 2446 247 2526 χήσαό
264 2471 298 2526 γε
315 2445 372 2522 μῆν
389 2445 439 2505 τάν
456 2445 573 2527 γάμον·”
594 2447 610 2508 ὁ
629 2448 659 2506 δὲ
670 2447 864 2526 Ἱππρκλείδης
882 2447 949 2507 ὕπαρ

106 2536 163 2592 130
174 2533 274 2609 λαβών
288 2533 357 2592 εἶπε·
378 2543 396 2570 “
404 2532 437 2592 αὖ
448 2535 563 2610 φροντὶς
570 2534 777 2614 Ἱπποκλείδῃ.”
817 2534 874 2594 ἀπά
887 2535 949 2595 τοτί·

152 2645 203 2680 που
223 2622 274 2696 μέν
293 2623 376 2681 τοῦτο
397 2620 587 2697 οὐνομάζεται.
628 2624 803 2699 Κλεισθένης
819 2623 848 2682 δέ
865 2622 950 2703 σιγῆν

151 2707 348 2784 ποιησάμενος,
369 2708 446 2778 ἔλεξε
464 2714 492 2773 ἐς
508 2710 598 2786 μέσον
617 2710 693 2770 τάδε·
714 2710 835 2788 ((ἀνδρες
850 2709 951 2774 παιδάς

150 2797 202 2871 τῆς
215 2798 282 2870 ἐμῆς
294 2801 459 2875 μνηστῆρες,
475 2796 528 2877 ἐγῶ
545 2798 590 2857 καὶ
605 2797 710 2862 πάντας
722 2797 808 2874 ῧμέας
825 2798 948 2868 ἐπαινέω,

152 2883 198 2941 καὶ
215 2886 303 2942 πᾶσιν
323 2882 397 2961 ὑμῖν,
412 2889 436 2945 εἰ
453 2883 513 2944 οἶόν
530 2911 561 2946 τε
582 2885 632 2962 εἴη,
646 2885 811 2964 χαριζοίμην
828 2883 870 2954 ἀν,
884 2883 950 2962 μήτ’

152 2970 200 3029 ἕνα
219 2970 309 3047 ὖμέιον
331 2971 470 3050 ἐξαίρετον
491 2971 645 3049 ἀποκρίνων
660 2971 732 3048 μήτε
751 2971 815 3035 τούς
832 2972 950 3034 λοιποδς

151 3055 369 3136 ἀποδοκιμάζων·
390 3059 456 3120 ἀλλ’
473 3058 505 3120 αὖ
526 3059 580 3140 γάρ
603 3057 649 3118 οἶά
669 3060 701 3118 τέ
722 3063 784 3118 ἐστι
803 3062 870 3135 μιῆς
884 3059 948 3135 πέρι

151 3147 289 3221 παρθένου
301 3147 476 3224 βουλεύοντα
495 3151 567 3206 πᾶσι
585 3145 655 3205 κατά
668 3144 732 3206 νόον
745 3147 858 3216 ποιέειν,
871 3148 948 3204 τοῖσι

153 3231 203 3302 μὶν
213 3230 304 3310 ὖμίων
316 3233 568 3311 ἀπελαυνομένοισι
579 3231 661 3294 τοῦδε
672 3236 723 3292 τοῦ
735 3231 828 3313 γάμου
846 3231 948 3293 τάλαν-
