2294 3430
169 127 200 173 ος
474 123 659 174 Ἧυοιουοα
903 122 965 187 [τι.

169 204 199 262 δὲ
211 208 266 264 τῶν
280 203 497 281 ἐπισπαστήρων
511 205 610 283 εἴχετο·
631 205 658 262 οἶ
671 202 708 272 δέ,
722 201 785 261 ἐπεί
795 201 828 262 τέ
837 226 887 277 μιν
899 201 967 262 άπο-

169 291 279 351 σπάσαι
298 292 347 351 οὐκ
365 292 462 352 οἷοίτε
476 291 644 354 ἀπέλκοντες
662 291 793 371 ἐγίνοντο,
807 288 968 367 άποκόψαν-

167 405 212 442 τες
233 379 317 439 αὐτοῦ
339 379 388 442 τάς
409 384 504 459 χεῖρας
524 379 595 460 ἦγον
617 378 697 438 οὕτω·
718 381 808 456 χεῖρες
829 376 859 436 δέ
880 381 968 438 κεῖναι

121 465 160 528 92
172 469 356 543 ἐμπεφυκυῖαι
369 465 443 541 ἦσαν
455 471 532 526 τοῖσι
545 469 768 543 ἐπισπαστῆρσι.
809 467 903 523 Ταῦτα
914 465 968 541 μέν

173 579 221 615 νυν
235 554 327 630 σφέας
340 553 438 617 αὐτοῦς
452 557 478 613 οἱ
492 557 638 635 Αἰγινῆται
653 552 818 633 ἐργάσαντο·
838 551 967 628 Ἀθηναί-

171 666 229 700 οισι
258 641 287 700 δέ
315 639 415 718 ἥκουσι
439 640 637 721 ἐναυμάχησαν
658 641 741 716 νηυσὶ
764 639 966 717 ἐβδομήκοντα·

170 729 339 792 ἑσσωθέντες
367 728 396 787 δέ
423 733 459 808 τῇ
488 729 627 808 ναυμαχίῃ
651 728 834 788 ἐπεκαλέοντο
854 727 975 792 ‘rothe‘

171 814 271 880 αὖτοθς
288 815 352 880 τούς
376 817 422 875 καὶ
445 816 589 894 πρότερον,
610 815 761 897 Ἀργείους·
783 815 829 874 καὶ
852 813 887 891 δή
911 823 968 892 σφι

170 901 246 964 οὗτοι
266 907 318 982 μὲν
340 903 430 965 οὐκέτι
447 906 611 981 βοηθέουσι,
633 902 809 982 μεμφόμενοι
827 901 872 963 ὅτι
889 907 967 985 Αἰγι-

169 996 243 1051 ναῖαι
257 993 314 1056 νέες
326 991 432 1074 ἀνάγκῃ
443 993 621 1070 λαμφθεῖσαι
633 989 688 1050 ὗπό
697 990 871 1066 Κλεομένεος
881 991 967 1070 ἶσχον

169 1105 200 1139 τε
214 1086 241 1144 ἐς
253 1081 304 1156 τήν
316 1079 470 1162 Ἀργολίδα
482 1080 575 1159 χάρην
596 1079 641 1138 καὶ
661 1079 865 1153 συναπέβησαν
877 1084 967 1138 Λακε-

170 1166 348 1244 δαιμονίοισι.
390 1169 593 1244 συναπέβησαν
614 1167 644 1225 δέ
668 1165 713 1224 καὶ
736 1163 792 1224 οἶπό
814 1166 966 1229 Σικυωνίων

171 1259 238 1331 νεῶν
260 1255 355 1333 ἄνδρες
372 1259 407 1334 τῇ
425 1255 496 1333 αὐτῇ
513 1255 599 1333 ταίπη
621 1255 743 1331 ἐσβολῇ.
785 1253 834 1311 καί
851 1259 908 1329 σφι
919 1253 966 1313 ὕπ’

168 1339 300 1423 Ἀργείων
322 1342 469 1419 ἐπεβλήθη
492 1343 584 1419 ζημίη,
602 1343 683 1421 χίλια
702 1339 828 1401 τάλαντα
848 1342 965 1413 ἐκτίσαι,

168 1429 339 1506 πεντακόσια
353 1431 504 1505 ἑκατέρους.
546 1429 690 1494 Σικυώνιοι
702 1429 754 1506 μέν
770 1453 818 1488 νυν
831 1429 965 1510 συγγνάν·

169 1540 214 1578 τες
226 1515 365 1591 ἀδικῆσαι,
381 1515 577 1597 ὡμολόγησαν,
592 1517 689 1577 ἑκατόν
701 1515 827 1576 τάλαντα
838 1518 966 1577 ἐκτίσαν·

167 1625 220 1672 τες,
245 1601 357 1679 άζήμιοι
384 1602 462 1662 εἶναι·
504 1607 650 1685 Αἰγινῆται
674 1604 703 1663 δέ
731 1601 794 1672 οὔτε
820 1603 965 1686 συνεγινά-

169 1713 272 1750 σκοντο
285 1689 360 1766 ἦσάν
373 1717 403 1750 τε
416 1688 623 1768 αὐθαδέστεροι.
653 1691 699 1750 διὰ
712 1690 745 1766 δή
760 1690 796 1750 ὧν
810 1696 866 1766 σφι
877 1695 966 1752 ταῦτα

170 1776 325 1854 δεομένοισι
348 1777 403 1838 άπὸ
424 1779 476 1855 μέν
495 1781 545 1838 τοῦ
568 1778 704 1854 δημοσίου
725 1777 812 1841 οὐδεὶς
833 1777 966 1859 Ἀργείων

169 1865 211 1924 ἔτι
231 1865 354 1942 ἐβοήθεε,
374 1865 517 1926 ἐθελονταὶ
537 1865 567 1925 δέ
581 1870 608 1929 ἐς
620 1866 737 1945 χιλίους·
758 1865 810 1946 ἦγε
823 1865 852 1924 δέ
865 1865 966 1930 αὖτοθς

128 1991 131 2000 =
169 1953 327 2036 στρατηγός
347 1952 418 2031 άνήρ
438 1951 459 2033 ᾧ
480 1951 584 2030 οὕνομα
604 1952 778 2031 Εὐρυβάτης,
794 1951 966 2014 πεντάεθλον

170 2041 342 2118 ἐπασκήσας.
383 2041 486 2102 τούτων
508 2044 534 2101 οί
555 2045 671 2104 πλεῦνες
694 2039 744 2100 οὐκ
768 2039 965 2117 ἀπενόστησαν

169 2126 268 2199 όπίσω,
290 2127 355 2188 ἀλλ’
369 2129 553 2205 ἐτελεύτησαν
572 2127 618 2188 ὕπ’
634 2127 786 2205 Ἀθηναίων
807 2131 836 2187 ἐν
855 2129 964 2208 Αίγίνρ·

170 2214 252 2278 αὐτός
265 2215 294 2274 δέ
307 2215 323 2276 ό
337 2217 495 2296 στρατηγός
508 2214 682 2292 Εὐρυβάτης,
695 2215 887 2294 μουνομαχίην
900 2220 965 2274 ἐπα-

170 2303 266 2373 σκέων,
280 2305 353 2379 τρεῖς
365 2305 416 2379 μὲν
435 2302 535 2379 ἄνδρας
546 2301 641 2382 τρόπῳ
654 2302 768 2382 τοιούτῳ
789 2301 895 2373 κτείνει,
909 2303 965 2364 τῖπό
1050 2375 1053 2382 .

170 2388 200 2448 δέ
211 2393 262 2448 τοῦ
271 2387 404 2466 τετάρτου
414 2388 561 2465 Σωφάνεος
574 2394 624 2450 τοῦ
638 2391 775 2454 Δεκελέος
783 2388 964 2466 ἀποθνήσκει.

122 2477 160 2536 93
172 2480 317 2558 Αίγινήται
325 2476 354 2536 δέ
368 2481 446 2535 ἐοῦσι
458 2476 605 2537 ἀτάκτοισι
617 2476 791 2554 Ἀθηναίοισι
801 2478 965 2554 συμβαλόν-

169 2589 214 2626 τες
226 2568 294 2642 τῇσι
311 2564 394 2640 νηυσὶ
414 2564 554 2640 ἐνίκησαν·
576 2565 625 2626 καί
639 2571 736 2643 σφεων
749 2565 812 2629 νέας
829 2565 966 2643 τέσσερας

170 2651 280 2711 αὐτοῖσι
292 2650 411 2730 ἀνδράσι
425 2651 511 2712 εἶλον.

122 2740 161 2800 94
209 2738 384 2815 Ἀθηναίοισι
404 2742 455 2817 μὲν
470 2739 504 2816 δή
522 2738 647 2818 πόλεμος
664 2745 791 2817 συνῆπτο
804 2740 875 2820 πρός
888 2747 964 2824 Αἰγι-

170 2827 262 2906 νήτας.
303 2825 320 2886 ό
337 2826 367 2886 δέ
385 2827 500 2904 Πέρσης
516 2826 550 2888 τδ
569 2831 669 2888 ἐωυτοῦ
690 2829 788 2899 ἐποίεε,
807 2829 881 2907 ὥστε
901 2829 978 2890 dra-¹

168 2913 374 2994 μιμνήσκοντός
385 2939 416 2975 τε
430 2915 483 2973 αίεὶ
495 2919 545 2974 τοῦ
560 2913 728 2991 θεράποντος
740 2917 901 2993 μεμνῆσθαι
917 2941 966 2993 μιν

171 3008 225 3065 τῶν
244 3002 405 3079 Ἀθηναίων,
428 3002 474 3060 καὶ
497 3001 750 3078 Πεισιστρατιδέων
770 3004 964 3079 προσκατημέ-

169 3117 222 3152 νων
243 3093 289 3152 καὶ
310 3088 523 3168 διαβαλλόντων
542 3087 713 3164 Ἀθηναίους,
733 3088 791 3166 ἅμα
812 3088 842 3148 δὲ
858 3088 965 3166 βουλά-

168 3203 251 3253 μενος
272 3179 288 3240 ὁ
307 3182 433 3258 Δαρεῖος,
454 3175 556 3252 ταύτης
579 3174 710 3254 ἐχόμενος
727 3180 778 3251 τῆς
795 3173 964 3252 προφάσιος,

170 3267 415 3346 καταστρέφεσθαι
427 3268 478 3341 τῆς
490 3261 630 3326 Ἑλλάδος
642 3263 706 3326 τούς
718 3262 758 3340 μή
772 3261 871 3325 δόντας
891 3260 965 3341 αὐτῷ
