2240 3424
150 55 197 107 ιω
275 121 278 126 ¹
452 55 635 106 Ἧνοιουου
875 55 937 121 [[κ.

144 138 171 198 ἐς
188 135 245 194 πᾶν
259 129 314 210 ἥδη
331 136 416 193 κακοῦ
432 131 581 215 ἀπιγμένοι
596 133 680 209 ἦσαν,
699 132 769 195 οῦτιυ
788 133 861 194 ὥστε
875 135 941 200 τοῦς

142 220 238 284 τόνους
258 221 371 298 ἕψοντες
389 224 445 280 τῦν
465 222 579 282 κλινέων
599 223 750 282 ἐσιτέοντο·
778 222 841 282 ἐπεί
857 249 889 282 τε
910 225 940 284 δέ

144 308 205 369 οῦδὲ
223 311 312 368 ταῦτα
332 309 373 370 ἔτι
392 307 476 387 εἶχον,
493 308 564 369 οὕτω
585 308 618 386 δη
636 309 691 370 ἀπό
711 309 796 370 νύκτα
816 310 941 390 οἴχονται

143 395 311 474 ἀποδράντες
331 396 362 454 οἵ
379 421 410 455 τε
432 397 544 474 Πέρσαι
565 398 610 456 καὶ
632 396 648 458 ό
668 397 838 475 Ἀρταΰκτης
857 399 903 458 καὶ
923 399 941 460 ό

145 483 292 560 Οἰόβαζος,
306 482 409 544 ὄπισθε
421 487 472 544 τοῦ
483 484 590 564 τείχεος
603 484 774 561 καταβάντες
787 490 822 564 τῇ
834 484 870 562 ἦν
879 491 941 565 ἐρη·

142 571 264 649 μότατον
287 575 342 632 τῶν
365 572 515 649 πολεμίων·
549 572 584 635 ὥς
605 572 634 631 δέ
654 572 745 650 ἡμέρη
769 575 885 654 ἐγένετο,
913 579 940 636 οἶ

144 663 352 737 Χερσονησῖται
365 658 421 720 ἀπό
430 662 485 720 τιῦν
494 659 606 741 πύργων
617 660 760 739 ἐσήμηναν
771 665 848 720 τοῖσι
856 660 939 738 Ἀθη

143 747 246 808 ναίοισι
258 747 291 808 τδ
304 748 419 830 γεγονός
433 746 479 806 καὶ
492 747 542 811 ταὶς
554 748 645 812 πύλας
661 747 781 818 ἄνοιξαν·
801 751 857 809 τῶν
870 748 900 808 δέ
913 753 941 808 οἱ

98 836 152 894 119
162 837 213 910 μὲν
230 839 346 899 πλεῦνες
368 836 487 906 ἐδίωκον,
502 839 529 895 οἱ
542 835 572 895 δὲ
584 836 636 911 τὴν
648 836 733 896 πόλιν
747 835 832 915 εἶχον.
875 836 941 896 Οἰό-

141 923 232 999 βαζον
249 923 302 1002 μέν
317 949 366 984 νυν
388 923 545 1004 ἐκφυγόντα
563 928 591 986 ἐς
610 923 661 999 τὴν
683 924 806 1000 Θρηίκην
823 923 941 1000 Θρήϊκες

141 1008 281 1089 Ἀψίνθιοι
306 1010 445 1087 λαβόντες
472 1011 575 1071 ἔθυσαν
604 1011 777 1090 Πλειστώρῳ
804 1013 940 1092 ἐπιχωρίῳ

142 1099 203 1178 θεῷ,
216 1098 310 1179 τρόπῳ
321 1103 361 1178 τῷ
375 1099 513 1178 σφετέρῳ·
533 1098 598 1162 τοῦς
614 1099 644 1159 δέ
661 1097 721 1176 μετ’
735 1100 846 1169 ἐκείνου,
859 1098 940 1180 άλλη)

141 1184 235 1266 τρόπῳ
249 1185 412 1262 ἐφόνευσαν·
434 1188 461 1245 οἶ
480 1185 510 1245 δέ
525 1185 600 1264 ἀμφὶ
614 1184 664 1247 τόν
676 1186 848 1263 Ἀρταύκτην
859 1186 940 1247 ὖστε·

143 1298 188 1350 ροι
201 1273 367 1352 ὁρμηθέντες
380 1274 501 1356 φεύγειν,
512 1275 558 1333 καὶ
572 1273 607 1338 ὥς
621 1273 867 1350 κατελαμβάνοντο
880 1273 939 1335 όλί-

141 1385 188 1441 γοι
201 1361 290 1425 ἐόντες
306 1361 376 1438 ῦπέρ
395 1361 481 1442 Azy&
500 1364 647 1438 Ποταμῶν,
663 1360 826 1437 ἀλεξόμενοι
837 1361 940 1442 χρόνον

142 1448 187 1507 ἐπὶ
205 1449 317 1527 συχνόν,
334 1451 360 1507 οἱ
375 1449 427 1524 μὲν
443 1447 582 1509 ἀπέθανον
596 1451 623 1508 οἱ
635 1448 665 1507 δέ
679 1449 775 1520 ζῶντες
793 1447 939 1526 ἐλάμφθη-

141 1559 206 1595 σαν·
227 1535 274 1594 καὶ
300 1534 488 1610 συνδόσαντές
507 1541 599 1612 σφεας
619 1539 646 1595 οἱ
660 1535 800 1611 Ἕλληνες
821 1534 891 1617 ἦγον
908 1544 936 1602 ἐς

142 1622 263 1698 Σηστόν·
288 1621 348 1700 μετ’
370 1622 459 1683 αύτιῦν
480 1623 509 1682 δέ
530 1624 575 1682 καὶ
595 1623 767 1701 Ἀρταύκτην
788 1622 938 1700 δεδεμένον,

96 1711 152 1769 120
160 1708 244 1770 αὐτόν
256 1735 287 1771 τε
301 1709 346 1770 καὶ
356 1709 406 1770 τδν
415 1709 502 1769 παῖδα
512 1709 606 1770 αὐτοῦ.
635 1713 696 1770 Καί
702 1736 754 1791 τεῳ
762 1714 818 1771 τῦν
828 1713 938 1786 φυλασ-

141 1821 248 1858 σοντων
267 1797 380 1880 λέγεται
399 1797 453 1859 ῦπά
478 1799 717 1876 Χερσονησιτέων,
738 1798 868 1876 ταρίχους
888 1797 938 1858 ἀπ-

140 1887 222 1946 τῶντι
243 1886 325 1965 τέρας
344 1885 476 1968 γενέσθαι
498 1885 614 1946 τοιόνδε·
643 1888 670 1945 οἱ
690 1884 801 1964 τάριχοι
828 1883 874 1944 ἐπὶ
900 1889 938 1966 τῷ

140 1974 207 2050 πυρὶ
225 1975 344 2052 κείμενοι
363 1972 521 2034 ἐπάλλοντό
533 1999 565 2034 τε
578 1973 624 2033 καὶ
636 1972 785 2050 ἤσπαιρον,
799 1972 868 2036 ὅκως
885 1997 938 2050 περ

142 2060 234 2138 ἰχθύες
246 2061 406 2123 νεοάλωτοι·
425 2061 471 2121 καὶ
484 2064 511 2121 οἶ
523 2063 575 2140 μὲν
584 2061 775 2140 περιχυθέντες
789 2059 939 2136 ἐθώμαζον·

141 2147 159 2208 ό
186 2148 216 2208 δέ
240 2148 410 2227 Ἀρτιιύκτης
433 2149 469 2213 οἷς
496 2147 550 2208 εἶδε
570 2148 604 2209 τό
627 2149 717 2224 τέρας,
741 2146 864 2210 καλέσας
889 2147 940 2207 πδν

141 2232 268 2297 όπτῦντα
285 2235 350 2300 τοῦς
362 2237 493 2314 ταρίχους
506 2237 570 2312 ἔφη·
591 2245 609 2272 “
619 2236 689 2306 ξεῖνε
700 2234 839 2311 Ἀθηναῖε,
852 2233 940 2311 μηδὲν

142 2324 236 2400 φοβέο
259 2323 292 2382 τό
310 2322 504 2400 τέρας-τοῦτο·
535 2322 567 2382 ού
587 2322 642 2404 γάρ
661 2322 709 2382 σοὶ
728 2322 845 2400 πέφηνε·
873 2320 938 2379 ἀλλ’

140 2410 203 2487 ἐμοὶ
226 2410 356 2486 σημαίνει
383 2408 399 2470 ό
426 2414 456 2470 ἐν
480 2408 639 2470 Ἐλαιοῦντι
665 2410 872 2485 Πρωτεσίλεως,
896 2406 939 2468 ὅτι

144 2498 190 2556 καὶ
202 2495 317 2561 τεθνειδς
330 2496 376 2556 καὶ
393 2496 508 2577 τάριχος
521 2496 571 2557 ἐιδν
585 2496 700 2574 δύναμιν
718 2495 788 2573 πρός
802 2497 870 2556 θεῶν
883 2494 940 2574 ἔχει

139 2583 191 2645 τόν
203 2583 347 2645 ἀδικέοντα
359 2584 493 2645 τίνεσθαι·
508 2588 557 2646 νῦν
571 2583 608 2646 ιῦν
621 2582 723 2656 ἄποινά
736 2587 763 2644 οἱ
774 2582 840 2644 τάδε
853 2583 940 2642 ἐθέλω

144 2673 286 2733 ἐπιθεῖναι·
313 2670 375 2734 ἀντὶ
396 2674 448 2749 μέν
465 2670 616 2751 χρημάτων
635 2675 691 2732 τῶν
712 2671 818 2747 ἔλαβον
839 2674 869 2728 ἐκ
889 2668 940 2728 τοῦ

142 2762 211 2838 ἱροῦ,
233 2759 330 2820 ἑκατόν
350 2758 474 2820 τάλαντα
499 2760 657 2820 καταθεῖναι
677 2762 716 2838 τῷ
739 2759 801 2837 θεῷ·
832 2755 893 2816 ἀντὶ
916 2753 940 2815 δ

142 2851 278 2924 ἐμεωυτοῦ
291 2847 337 2907 καὶ
349 2852 400 2908 τοῦ
413 2846 511 2910 παιδός
524 2845 661 2906 ἀποδόσω
674 2845 798 2906 τάλαντα
811 2842 941 2918 διηκόσια

141 2931 323 3011 Ἀθηναίοισι,
354 2931 590 3014 τεριγενόμενος.”
631 2935 719 2993 ταῦτα
741 2929 939 3009 ὑπισχόμενος,

141 3020 191 3080 τόν
203 3019 363 3101 στρατηγόν
375 3019 539 3084 Ξάνθιππον
553 3017 602 3078 οῦκ
616 3019 716 3079 ἔπειθε·
738 3021 764 3078 οἶ
776 3017 833 3098 γάρ
845 3015 941 3076 Ἐλαι-

142 3105 234 3166 ούσιοι
246 3110 284 3186 τῷ
297 3107 485 3184 Πρωτεσίλεῳ
493 3104 672 3182 τιμωρέοντες
682 3103 790 3164 ἐδέοντό
799 3129 848 3181 μιν
858 3129 940 3164 κατα-

141 3194 307 3269 χρησθῆναι,
327 3194 373 3253 καὶ
393 3191 477 3253 αύτοῦ
496 3195 547 3253 τοῦ
567 3195 728 3272 στρατηγοῦ
742 3190 829 3269 ταύτῃ
845 3188 862 3250 ό
877 3189 941 3256 νόος
