2204 3430
163 108 194 152 ιο
465 99 643 151 Ἦτοιοτος
915 101 961 164 [V.

163 183 287 262 ἀμαχητὶ
309 183 367 265 εἶχε
388 183 424 244 τά
447 209 500 260 περ
527 183 615 258 ἔλαβε
641 180 718 257 παρὰ
741 181 962 262 Πεισιστράτου·

163 272 317 349 ἐπολέμεον
329 271 384 354 γάρ
399 272 428 331 ἐκ
442 297 472 332 τε
484 269 653 350 Ἀχιλληίου
672 266 773 330 πόλιος
792 267 963 344 ὅρμεάμενοι

163 359 210 418 καὶ
223 361 333 440 Σιγείου
354 361 399 419 ἐπὶ
417 359 519 439 χρόνον
540 356 645 438 συχνδν
658 357 847 430 Μυτιληναῖοί
864 383 895 416 τε
916 359 962 417 καὶ

162 445 315 524 Ἀθηναῖοι·
338 451 364 508 οἱ
377 451 428 526 μὲν
441 447 618 508 ἀπαιτέοντες
629 443 681 520 τήν
694 443 796 522 χώρην·
818 441 962 520 Ἀθηναῖοι

180 537 192 594 ὲ
209 535 271 596 οὔτε
284 535 548 617 συγγινωσκόμενοι,
564 530 769 592 ἀποδεικνύντες
781 556 812 590 τε
826 530 902 611 λόγῳ
917 532 961 590 οὐ·
1031 555 1034 560 ·

163 624 209 684 δέν
228 629 341 700 μᾶλλον
355 627 490 684 Αἰολεῦσι
511 621 609 699 μετεὸν
627 623 677 694 τῆς
689 617 808 682 Ἰλιάδος
828 619 962 698 χῶρης,ἢ

162 711 194 770 οῦ
216 712 261 770 καὶ
282 712 339 787 σφὶ
359 711 405 769 καὶ
425 714 501 770 τοῖσι
522 705 674 767 ἅλλοισι”
659 732 723 766 οσοι
735 705 879 782 Ελλήνων
896 733 961 768 συν-
1025 775 1034 791 ·

116 801 153 857 95
164 797 318 874 επρήξαντο
332 797 511 876 Μενέλεῳ
476 823 526 860 τας
539 793 684 870 Ελένης
667 794 802 874 αρπαγάς.
833 798 961 872 Πολεμε-

131 885 247 946 άντων
261 886 292 945 δέ
309 891 412 962 σφεων,
427 889 547 946 παντοῖα
567 909 613 943 και
603 881 741 941 άλλα’
729 882 837 962 εγένετο
852 887 880 941 ἐν
893 889 961 960 τῇσι

161 973 282 1054 μάχῃσι·
304 981 333 1036 ἐν
346 974 375 1034 δὲ
388 975 480 1050 δή
437 1001 482 1033 και
494 971 656 1036 Ἀλκαῖος
640 999 654 1032 ο
669 969 793 1046 ποιητής,
808 973 961 1047 συμβολῆς

161 1065 310 1144 γενομένης
332 1063 377 1122 καὶ
397 1061 531 1122 νικώντων
544 1059 704 1135 Ἀθηναίων,
725 1057 807 1121 αῦτδς
823 1061 875 1135 μὲν
894 1061 960 1135 φεύ-

161 1177 217 1231 γων
236 1152 371 1231 ἐκφεύγει,
386 1149 422 1209 τά
436 1149 467 1208 δέ
480 1151 506 1207 οἳ
521 1146 597 1206 ὅπλα
617 1147 733 1224 ἴσχουσι
748 1145 899 1222 Ἀθηναῖοι,
914 1151 963 1208 καί

163 1245 241 1312 σφεα
255 1238 448 1314 ἀνεκρέμασαν
461 1235 531 1312 πρός
546 1233 579 1293 τῦ
597 1232 747 1308 Ἀθήναιον
760 1233 792 1293 τά
808 1239 835 1293 ἐν
850 1237 958 1316 Σιγείῷ.

161 1329 249 1384 ταῦτα
263 1325 292 1383 δὲ
304 1323 435 1386 Ἀλκαῖος
449 1328 478 1383 ἐν
490 1323 570 1398 μέλεϊ
583 1320 705 1396 ποιήσας
725 1323 841 1382 ἐπιτιθεῖ
858 1327 885 1385 ἐς
898 1329 958 1382 Μυ-

161 1411 284 1486 τιλήνην,
300 1409 537 1491 ἐξαγγελλόμενος
550 1409 583 1469 ro*
599 1413 698 1468 ἑωυτοῦ
711 1409 800 1472 πάθος
814 1413 958 1471 Μελανίπ-

162 1525 205 1577 πιρ
219 1497 297 1574 οἷνδρὶ
312 1499 416 1577 ἑταίρῳ.
458 1499 664 1574 Μυτιληναίους
683 1498 775 1557 δὲκαὶ
795 1495 959 1573 Ἀθηναίους

162 1585 322 1661 κατήλλαξε
335 1585 504 1663 Περίανδρος
518 1585 533 1645 ὁ
548 1587 692 1664 Κυψέλου·
712 1585 799 1664 τούτῳ
815 1585 868 1666 γάρ
890 1586 957 1647 διαι-

161 1679 231 1752 τητῇ
259 1673 455 1752 ἐπετράποντο.
496 1673 655 1749 κατήλλαξε
682 1673 711 1731 δέ
736 1670 796 1732 ὧδε·
824 1674 957 1750 νέμεσθαι

162 1763 304 1838 ἑκατέρους
316 1763 368 1838 τήν
383 1763 489 1840 έχουσι.
531 1763 640 1842 Σίγειον
654 1763 705 1837 μέν
719 1787 766 1820 νυν
780 1761 850 1820 οὕτω
870 1763 957 1842 ἐγένε-

41 1897 50 1932 t
114 1850 194 1908 96πο
211 1848 257 1909 ὕπ’
270 1850 453 1926 Ἀθηναίοισι.
494 1850 604 1926 Ἱππίης
618 1850 647 1908 δέ
662 1849 723 1908 ἐπεί
740 1874 771 1908 τε
791 1847 905 1908 άπίκετο
926 1857 957 1910 ἐκ

160 1940 210 2013 τῆς
222 1939 427 2017 Λακεδαίμονος
445 1943 473 2002 ές
492 1939 544 2014 τήν
556 1937 664 2014 Ἀσίην,
679 1941 735 1996 πᾶν
752 1941 849 2014 χρῆμα
864 1938 955 2009 ἐκίνεε,

160 2025 324 2103 διαβάλλων
343 2053 374 2088 τε
395 2027 459 2090 τοῦς
471 2027 634 2103 Ἀθηναίους
649 2025 719 2101 πρδς
734 2024 782 2084 τόν
802 2024 956 2103 Ἀρταφέρ-

159 2139 214 2184 νεα,
236 2141 283 2174 και
303 2117 403 2176 ποιέων
425 2114 534 2175 ἅπαντα
556 2113 624 2176 ὅκως
646 2116 675 2170 αἱ
695 2112 812 2186 Ἀθῆναι
829 2115 956 2191 γενοίατο

158 2199 205 2260 ὕπ’
227 2204 314 2282 ἑωυτῷ
340 2230 371 2263 τε
397 2203 443 2261 καὶ
467 2202 584 2279 Δαρείῳ.
626 2199 735 2274 Ιππίης
757 2225 788 2257 τε
812 2199 845 2275 δή
869 2205 956 2260 ταῦτα

159 2289 292 2366 ἔπρησσε,
309 2291 354 2349 καὶ
376 2294 402 2349 οἱ
422 2289 565 2364 Ἀθηναῖοι
588 2286 738 2362 πυθόμενοι
764 2291 859 2357 ταῦτα,
887 2289 954 2364 πέμ-

158 2403 244 2436 πουσι
260 2384 287 2442 ἐς
306 2377 405 2455 Σάρδις
422 2376 558 2457 α’γγέλους
576 2373 624 2433 οῦκ
644 2378 739 2436 ἐῶντες
759 2373 822 2436 τοῦς
841 2376 956 2451 Πέρσας

157 2466 304 2526 πείθεσθαι
317 2465 470 2539 Ἀθηναίων
488 2467 564 2522 τοῖσι
585 2461 703 2542 φυγάσι·
725 2461 784 2521 ὄδέ
800 2460 954 2537 Ἀρταφέρ-
985 2506 989 2516 .

158 2577 206 2627 νης
220 2553 329 2611 ἐκέλευέ
342 2557 441 2626 σφεας,
458 2554 481 2608 εἰ
493 2551 648 2626 βουλοίατο
663 2548 728 2607 σόοι
748 2549 824 2617 εἶναι,
842 2549 954 2606 καταδέ-

158 2640 257 2698 κεσθαι
278 2639 369 2698 ὀπίσω
389 2636 510 2713 Ἱππίην.
553 2636 638 2696 οῦκων
660 2635 693 2711 δή
716 2635 871 2695 ἐνεδέκοντο
890 2634 955 2698 τοῦς

157 2725 260 2804 λόγους
273 2724 500 2801 ἀποφερομένους
512 2723 666 2801 Ἀθηναῖοι·
688 2723 738 2782 οῦκ
752 2720 954 2798 ἐνδεκομένοισι

157 2811 187 2870 δέ
201 2817 256 2886 σφι
270 2811 382 2871 δέδοκτο
403 2817 433 2872 ἐκ
450 2817 500 2874 τοῦ
522 2817 644 2892 φανεροῦ
664 2815 740 2876 τοῖσι
754 2809 887 2890 Πέρσῃσι
904 2837 953 2870 πο-

156 2899 269 2976 λεμίους
284 2898 362 2959 εἶναι.

110 2987 146 3047 97
197 2988 355 3065 Νομίζουσι
368 2987 402 3063 δή
415 2993 510 3060 ταῦτα,
522 2989 568 3048 καὶ
581 2989 836 3067 διαβεβλημένοισι
850 2991 877 3050 ἐς
889 2985 954 3048 τοῦς

156 3077 278 3153 Πέρσας,
301 3081 330 3136 ἐν
350 3075 437 3156 τούτῳ
459 3078 492 3154 δή
514 3082 552 3157 τῷ
574 3081 657 3158 καιρῷ
677 3077 692 3138 ὁ
715 3077 860 3153 Μιλήσιος
880 3073 953 3150 Ἀρι-

156 3165 305 3244 στογάρης,
327 3163 382 3224 ῦπδ
405 3168 579 3244 Κλεομένεος
599 3171 649 3226 τοῦ
668 3163 889 3240 Λακεδαιμονίου
913 3161 954 3229 ἐξ·

156 3253 284 3316 ελασθεῖς
306 3257 336 3312 ἐκ
355 3257 405 3326 τῆς
420 3254 558 3331 Σπάρτης,
578 3253 693 3312 ἀπίκετο
715 3258 742 3314 ἐς
756 3249 807 3311 ταὶς
823 3246 953 3321 Ἀθήνας·
