2294 3430
175 121 283 184 26-30]
488 117 675 192 ποιτιιυιι.
923 121 972 171 ιω

174 225 219 260 τοι
244 201 377 278 ἀτρεκέως
402 202 554 272 καταλέξω·
582 203 645 262 ἐπεί
663 227 695 263 τε
716 200 772 284 γάρ
793 200 917 280 τάχιστά
937 227 973 262 σε

175 287 317 365 ἐπυθόμην
335 290 380 348 ἐπὶ
402 288 553 349 θάλασσαν
575 291 781 366 καταβαίνοντα
801 287 853 364 τὴν
870 288 972 365 Ἑλλη-

174 376 243 446 νίδα,
264 375 439 454 βουλόμενός
456 403 500 436 τοι
522 377 617 437 δοῦναι
640 383 667 440 ἐς
688 377 737 437 τόν
758 376 884 453 πόλεμον
904 372 1012 455 χρή-,θ

172 489 256 540 ματα,
280 465 421 542 ἐξέμαθον,
448 465 494 523 καὶ
520 463 600 542 εὗρον
626 465 813 546 λογιζόμενος,
839 463 971 544 ἀργυρίου

171 553 224 628 μέν
237 551 285 611 δύο
298 551 427 631 χιλιάδας
448 550 548 615 ἐοόσας
567 578 616 629 μοι
636 552 787 626 ταλάντων,
802 552 921 630 χρυσίου
942 547 1006 610 δέ.

171 643 354 717 τετρακοσίας
373 639 508 716 μυριάδας
528 639 673 716 στατήρων
686 643 836 716 Δαρεικῶν,
852 637 972 698 ἐπιδεού-

172 751 226 789 σας
239 726 309 786 ἐπτῶ
322 727 480 805 χιλιαδέων.
511 727 557 784 καὶ
569 726 698 786 τούτοισί
710 751 744 785 σε
758 726 812 806 ἐγῶ
826 726 970 802 δωρέομαι·

172 812 245 891 αὐτῷ
262 813 285 872 δ’
299 813 361 889 ἐμοὶ
379 811 435 872 άπδ
451 812 631 890 ἀνδραπόδων
648 839 679 872 τε
698 815 744 871 καὶ
756 813 911 894 γεωπεδίων
925 813 972 891 dp·

172 899 240 957 κέων
261 899 323 958 ἐστῖ
344 897 434 975 βίος.”
475 899 509 958 ‘O
532 902 583 976 μέν
603 903 691 958 ταῦτα
712 901 800 980 ἐλεγε·
821 901 926 976 Ξέρξης
942 901 1018 960 δέ29

171 983 269 1058 η’σθεὶς
290 989 367 1047 τοῖσι
389 986 567 1063 εἰρημένοισι,
590 986 661 1044 εἶπε·
690 997 707 1022 “
716 986 787 1054 ξεῖνε
810 987 892 1056 Λυδὲ,
917 987 971 1066 ἐγῶ

172 1074 235 1132 ἐπεί
251 1100 282 1134 τε
304 1074 423 1150 ἐξῆλθον
443 1073 495 1149 τήν
512 1073 640 1150 Περσίδα
660 1074 761 1152 χώρην,
783 1073 873 1133 οὐδενὶ
894 1073 971 1152 α’νδρὶ

171 1163 306 1238 συνέμιξα
325 1167 352 1225 ἐς
374 1163 445 1236 τοδε,
470 1161 548 1224 ὅστις
570 1160 697 1237 ἠθέλησε
721 1162 807 1230 ξείνια
827 1163 970 1238 προθεῖναι

171 1255 282 1330 στρατῷ
296 1255 335 1329 τῷ
353 1255 416 1329 ἐμῷ,
432 1248 504 1309 οὐδὲ
515 1249 593 1312 ὅστις
614 1254 641 1312 ἐς
661 1249 727 1327 ὄψιν
739 1249 791 1324 τὴν
805 1249 874 1326 ἐμήν
888 1276 970 1308 κατα·
981 1251 1004 1314 ,ί

170 1338 240 1402 στιὶς
261 1337 486 1419 αὐτεπάγγελτος
505 1342 532 1401 ἐς
549 1337 599 1397 τόν
617 1337 744 1414 πόλεμον
765 1337 828 1415 ἐμοὶ
845 1337 970 1413 η’θέλησε

170 1427 373 1503 συμβαλέσθαι
386 1423 525 1504 χρήματα,
536 1426 586 1494 ἔξω
600 1429 660 1484 σεῦ·
682 1424 719 1484 συ)
733 1425 762 1484 δέ
777 1424 822 1483 καὶ
836 1425 970 1494 ἐξείνισας
1026 1423 1034 1430 ’

168 1514 297 1595 μεγάλως
321 1513 444 1592 στρατῶν
463 1513 513 1573 τόν
535 1513 610 1590 ἐμόν,
633 1513 679 1571 καὶ
702 1511 834 1591 χρήματα
857 1511 969 1594 μεγάλα

169 1604 366 1684 ἐπαγγέλλεαι.
387 1603 392 1624 ”
409 1602 457 1661 σοὶ
472 1600 508 1660 ῶν
522 1599 575 1682 ἐγῶ
589 1601 650 1660 α’ντῖ
666 1600 756 1660 αὐτῶν
775 1600 858 1682 γέρεα
875 1601 969 1661 τοιάδε
992 1616 995 1626 '

90 1692 92 1702 '
169 1687 274 1767 δίδωμι·
296 1689 385 1760 ξεῖνόν
402 1690 481 1750 πέσε
493 1693 623 1765 ποιεῦμαι
638 1688 704 1765 ἐμόν
718 1687 764 1746 καὶ
777 1687 826 1751 τοῖς
839 1713 967 1765 τετρακο-

169 1777 387 1855 σίαςιμυριάδας
408 1802 452 1837 τοι
475 1781 529 1836 τῶν
553 1776 698 1851 στατήρων
722 1775 882 1850 ἀποπλήσω
903 1774 968 1852 παρ’

169 1868 313 1944 ἐμεωυτοῦ,
327 1865 391 1928 δοδς
408 1864 457 1926 τάς
476 1862 545 1922 ἐπτιῖ
563 1862 701 1940 χιλιάδας·
724 1863 768 1922 ἶνα
786 1863 827 1938 μή
846 1889 890 1921 τοι
911 1868 968 1921 ἐπι·

169 1951 241 2015 δεέες
256 1953 322 2011 ἐωσι
338 1955 367 2010 αῖ
383 1949 563 2028 τετρακόσιαι
578 1948 708 2026 μυριάδες
725 1949 795 2008 ἐπτῶ
810 1949 965 2026 χιλιαδέων,
986 1961 990 1976 ’
1020 1982 1023 1990 ι

169 2038 234 2097 ἀλλ’
247 2037 267 2118 ᾗ
281 2065 326 2098 τοι
346 2038 534 2117 ἀπαρτιλογίη
551 2035 598 2096 ὕπ’
612 2035 677 2112 ἐμέο
690 2035 903 2112 πεπληρωμένη·
925 2037 967 2094 κέ-

170 2126 259 2202 κτησό
271 2151 303 2186 τε
316 2125 398 2188 αὐτός
417 2122 453 2184 τά
473 2149 525 2200 περ
543 2122 625 2186 αότὸς
639 2122 769 2198 ἐκτήσαο,
784 2121 925 2182 ἐπίστασό
936 2151 967 2183 τε
987 2132 991 2140 ’

170 2213 239 2274 εἶναι
254 2217 307 2274 αἰεὶ
326 2217 461 2276 τοιοῦτος·
483 2211 515 2271 οὖ
535 2211 590 2293 γάρ
610 2237 654 2272 τοι
666 2215 754 2271 ταῦτα
766 2213 890 2271 ποιεῦντι
904 2209 967 2272 οὔτε

740 2298 748 2320 Ι
804 2297 820 2318 ²2

170 2307 196 2366 ἐς
208 2302 240 2363 τό
253 2303 357 2381 παρεόν
371 2301 435 2361 οὔτε
448 2306 476 2364 ἐς
488 2299 590 2380 Χρόνον
602 2304 804 2377 μεταμελησει.

208 2395 301 2451 Ταῦτα
321 2392 350 2450 δὲ
372 2389 450 2452 εἶπας
470 2389 515 2447 καὶ
536 2389 664 2451 ἐπιτελέα
677 2387 806 2464 ποιήσας,
822 2387 966 2465 ἐπορεύετο
975 2392 1025 2450 30.
1090 2427 1094 2437 ·

169 2479 221 2536 αἰεὶ
233 2477 266 2538 τό
279 2478 388 2556 πρόσω.
424 2475 534 2538 Ἀναυα
547 2477 577 2536 δὲ
591 2455 762 2552 καλέομένην
780 2479 896 2556 Φρυγῶν
916 2475 966 2536 τό·
993 2493 995 2502 '

168 2567 215 2624 λιν
234 2565 484 2644 παραμειβόμενος,
500 2565 546 2624 καὶ
561 2564 663 2641 λίμνην
677 2569 707 2622 ἐκ
724 2567 774 2640 τῆς
791 2563 857 2626 ἅλες
876 2567 966 2644 γίνον-

168 2675 222 2721 ται,
235 2652 349 2714 άπίκετο
365 2658 392 2716 ἐς
405 2651 570 2722 Κολοσσαῖς,
591 2652 676 2712 πόλιν
696 2651 823 2731 μεγάλην
837 2653 965 2730 Φρυγίης,

170 2742 199 2798 ἐν
210 2739 346 2818 τῇΛόκος
355 2741 481 2817 ποταμός
491 2745 519 2804 ἐς
531 2740 632 2819 χάσμα
645 2744 698 2820 γῆς
711 2738 864 2816 ἐσβάλλων
877 2737 965 2814 οἶφαν-

169 2827 263 2897 ίζεται,
277 2827 371 2886 ἔπειτα
384 2828 429 2887 διά
442 2829 562 2888 σταδίων
576 2828 611 2891 ῶς
621 2829 703 2887 πέντε
712 2827 841 2904 μάλιστά
855 2853 889 2902 κη
902 2825 966 2886 οἴνα-

169 2914 336 2991 φαινόμενος
352 2915 453 2974 ἐκδιδοῖ
467 2915 513 2974 καὶ
526 2913 606 2978 οὗτος
620 2921 647 2978 ἐς
659 2914 708 2974 τόν
721 2915 893 2991 Μαίανδρον.
935 2919 965 2972 ἐκ
1008 2911 1010 2916 ’

168 3002 198 3061 δέ
206 3003 381 3062 Κολοσσέων
395 3001 592 3080 ὄρμεῶμενοςό
607 3003 727 3080 στρατός
738 3003 783 3060 ἐπὶ
795 3002 859 3063 τοῖς
870 3000 967 3078 οὔρους

167 3096 221 3152 τῶν
241 3094 358 3172 Φρυγῶν
380 3093 425 3150 καὶ
445 3096 499 3151 τῶν
520 3092 626 3161 Λυδῶν,
647 3090 762 3150 α’πίκετο
784 3094 811 3152 ἐς
833 3088 966 3164 Κύδραρα

166 3179 260 3242 πόλιν·
283 3180 348 3241 ἐνθα
361 3180 455 3256 στήλη
470 3183 687 3260 καταπεπηγυῖα,
702 3177 842 3236 σταθεῖσα
862 3174 891 3232 δὲ
910 3172 966 3232 &vra

166 3269 303 3344 Κροίσου,
326 3265 493 3346 καταμηνύει
515 3266 561 3325 διὰ
581 3263 753 3346 γραμμάτων
775 3259 840 3324 τούς
860 3257 966 3337 οὔρους.
