2280 3432
157 89 298 149 212-218]
472 90 657 138 ΠΟΛΤΜΝῙΑ.
909 89 956 136 209

156 193 224 246 ριον,
240 167 305 225 ἀλλ’
320 169 366 226 ἐπὶ
378 167 517 247 Ἐπιάλτῃ
531 173 568 248 τῷ
581 167 725 247 Τρηχινίῳ,
740 167 848 228 πάντως
863 191 912 224 κου
923 165 957 226 τό

156 255 359 332 ἀτρεκέστατον
386 256 546 332 πυθόμενοι·
573 259 655 315 τοῦτο
682 255 719 324 δὲ,
742 253 883 334 φεύγοντα
908 252 958 312 τόν

156 343 312 419 Ἐπιάλτην
335 343 437 418 ταύτην
460 343 511 419 τήν
535 344 625 418 αἰτίην
649 342 770 418 οἴδαμεν·
801 341 883 416 εἰδείη
905 343 957 417 μὲν

156 430 212 511 γάρ
232 429 273 504 ἂν,
292 431 338 489 καὶ
359 431 409 490 ἐὼν
429 431 469 509 μή
490 430 625 506 Μηλιεδς,
641 430 743 506 ταύτην
762 429 815 506 τήν
834 428 958 505 ἀτραπόν

156 517 276 594 Ὀνήτης
291 523 314 577 εἰ
326 523 361 597 τῇ
374 518 452 598 χαίρῃ
463 519 560 578 πολλὰ
573 517 720 596 ὦμιληκιδς
733 517 785 593 εἴη·
804 515 869 575 ἀλλ’
881 515 958 574 Ἐπι-

158 605 245 682 άλτης
257 605 312 686 γάρ
328 612 388 666 ἐστι
402 607 417 666 ὁ
432 606 672 688 περιηγησάμενος
684 604 717 664 τό
733 603 812 682 οὖρος
826 603 895 662 κατά
908 603 958 678 τήν

159 693 291 770 ἀτραπόν,
306 699 404 755 τοῦτον
417 695 505 754 αἴτιον
517 694 627 775 γράφω.
971 688 975 701 ’

200 783 306 859 Ξέρξης
316 783 354 852 δὲ,
363 783 425 841 ἐπεί
433 786 460 840 οἱ
470 782 554 858 ἤρεσε
564 781 599 840 ταὶ
610 781 751 858 ὑπέσχετο
762 780 777 838 ὁ
787 779 939 854 Ἐπιάλτης
947 771 1004 837 215

128 910 131 916 ‚
161 869 394 951 κατεργάσεσθαι,
409 870 507 930 αὐτίκα
522 866 675 945 περιχαρής
689 866 836 946 γενόμενος
854 868 959 942 ἔπεμπε

160 955 302 1034 Ὑδάρνεα,
326 959 371 1016 καὶ
394 962 450 1018 τῶν
474 954 642 1034 ἐστρατήγεε
664 952 807 1030 Ὑδάρνης·
835 952 959 1030 ὦρμέατο

161 1045 191 1103 δὲ
210 1046 273 1122 περὶ
291 1045 400 1123 λύχνων
416 1044 492 1120 άφάς
512 1050 542 1104 ἐκ
562 1046 611 1102 τοῦ
629 1042 829 1118 στρατοπέδου.
863 1040 913 1116 τήν
929 1039 959 1100 δὲ
1004 1079 1006 1084 ,

161 1131 286 1209 ἀτραπόν
302 1133 405 1209 ταύτην
424 1133 533 1209 ἐξεῦρον
551 1134 646 1208 μὲνοὶ
667 1129 808 1209 ἐπιχώριοι
827 1129 957 1203 Μηλιέες,

162 1220 315 1296 ἐξευρόντες
334 1221 363 1280 δέ
379 1223 560 1280 Θεσσαλοῖσι
578 1217 773 1299 κατηγήσαντο
792 1218 836 1276 ἐπὶ
850 1217 960 1279 Φωκέας

161 1307 233 1376 τότε,
252 1307 298 1367 ὅτε
318 1311 344 1366 οἱ
362 1310 467 1370 Φωκέες
485 1307 641 1385 φράξαντες
658 1308 744 1386 τείχεϊ
761 1306 812 1381 τήν
831 1304 959 1381 ἐσβολήν

161 1391 235 1468 ἦσαν
252 1401 281 1456 ἐν
297 1397 389 1474 σκέπη
405 1399 455 1454 τοῦ
473 1396 609 1473 πολέμου·
632 1395 660 1452 ἐκ
679 1420 710 1453 τε
727 1393 814 1454 τόσου
833 1393 866 1468 δή
883 1417 958 1451 κατε-

163 1482 272 1542 δέδεκτο
292 1487 378 1542 εὀὓσα
398 1482 477 1542 ούδέν
496 1481 607 1560 χρηστή
626 1485 776 1558 Μηλιεῦσι.
809 1480 890 1560 Ἔχει
911 1481 939 1539 δὲ
949 1482 1006 1539 216

163 1565 215 1628 ὦδε
226 1571 246 1646 ἦ
259 1570 382 1648 ἀτραπός
398 1571 476 1646 αὕτη
498 1570 613 1650 άρχεται
631 1573 682 1646 μὲν
696 1569 751 1629 άπδ
767 1574 817 1629 τοῦ
828 1569 961 1628 Ἀσωποῦ

162 1663 289 1734 ποταμοῦ
302 1665 352 1718 τοῦ
369 1658 413 1717 διά
430 1663 479 1733 τῆς
498 1657 656 1738 διασφάγος
673 1660 792 1734 ῥέοντος·
814 1657 919 1734 οὕνομα
931 1657 961 1717 δέ

162 1749 200 1822 τῷ
210 1745 285 1824 οὔρεϊ
298 1747 385 1824 τούτῳ
396 1747 442 1803 καὶ
454 1751 489 1823 τῇ
499 1745 612 1824 ἀτραπῷ
621 1745 708 1804 τώυτό
719 1751 806 1806 κεῖται
815 1744 960 1806 Ἀνόπαια·

162 1833 244 1891 τείνει
264 1835 294 1892 δὲ
314 1833 332 1908 ἡ
351 1831 488 1890 Ἀνόπαια
510 1833 579 1907 αὕτη
600 1833 670 1892 κατά
687 1832 769 1912 ῥάχιν
786 1839 836 1893 τοῦ
858 1831 960 1909 οὔρεος·

163 1919 246 1998 λήγει
262 1918 296 1992 δή
318 1917 388 1978 κατά
408 1943 439 1976 τε
455 1918 597 1992 Ἀλπηνὸν
618 1920 710 1992 πόλιν,
730 1921 841 1996 πρώτην
862 1924 962 1980 ἐοῦσαν
1022 1919 1024 1925 ’

163 2009 218 2063 τῶν
231 2004 374 2080 Λοκριδων
386 2002 457 2078 πρός
472 2007 526 2062 τῶν
540 2005 680 2078 Μηλιέων,
694 2009 739 2066 καὶ
756 2008 826 2068 κατὰ
844 2005 962 2083 Μελάμ-

164 2092 254 2172 πυγόν
280 2118 311 2152 τε
339 2089 507 2167 καλεόμενον
533 2092 614 2151 λίθον
638 2094 684 2151 καὶ
711 2096 781 2154 κατοὶ
807 2087 969 2172 Κερκώπων,

166 2179 254 2256 ἔδρας·
274 2183 310 2257 τῇ
327 2177 373 2236 καὶ
389 2178 422 2238 τό
441 2175 619 2239 στεινότατόν
635 2185 705 2238 ε’στι.
740 2182 822 2242 Κατιὶ
840 2181 1010 2258 ταύτην217

146 2267 199 2354 ,δή
217 2266 269 2343 τήν
287 2265 412 2344 ἀτραπόν
433 2266 479 2323 καὶ
502 2263 572 2324 οὕτω
594 2266 714 2344 ἔχουσαν
735 2273 762 2328 οἱ
784 2271 894 2347 Πέρσαι
914 2269 964 2330 τόν

163 2355 295 2416 Ἀσωπόν
309 2351 457 2431 διαβάντες
474 2351 638 2429 ἐπορεύοντο
654 2358 750 2415 πᾶσαν
764 2357 816 2433 τήν
829 2357 919 2431 νύκτα,
936 2363 964 2417 ἐν

165 2444 241 2521 δεξιῇ
253 2446 305 2520 μὲν
321 2445 431 2522 ἔχοντες
450 2441 532 2518 ούρεα
547 2440 582 2500 τά
601 2442 720 2502 Οἰταίων
738 2449 766 2502 ἐν
784 2444 918 2523 ἀριστερῇ
934 2446 964 2504 δὲ

164 2529 201 2588 τοὶ
218 2533 380 2608 Τρηχινίων·
400 2529 457 2606 ήιύς
472 2555 503 2589 τε
519 2527 553 2605 δή
569 2528 701 2604 διέφαινε,
718 2531 764 2588 καὶ
780 2533 906 2612 ἐγένοντο
923 2533 965 2592 ἐπ’

166 2615 324 2696 ἀκρωτηρίῳ
344 2622 394 2677 τοῦ
415 2616 519 2693 οὔρεος.
561 2617 630 2676 κατά
651 2617 681 2676 δέ
699 2622 782 2678 τοῦτο
801 2623 851 2678 τοῦ
872 2619 966 2696 ούρεος

167 2697 344 2778 ἐφύλασσον,
358 2705 393 2769 οἷς
407 2705 454 2764 καὶ
468 2704 604 2782 πρότερόν
616 2729 666 2781 μοι
679 2705 838 2780 δεδήλωται,
853 2709 967 2768 Φωκέων

165 2791 255 2871 χίλιοι
269 2790 392 2862 ὁπλῖται,
405 2791 537 2868 ῥυόμενοί
547 2819 578 2852 τε
595 2793 646 2869 τήν
663 2794 803 2870 σφετέρην
815 2793 908 2870 χώρην
921 2795 967 2852 καὶ

166 2879 350 2958 φρουρέοντες
368 2880 420 2955 τήν
432 2880 567 2958 ἀτραπόν·
587 2881 606 2956 ἡ
622 2884 674 2958 μὲν
689 2881 744 2962 γάρ
761 2877 834 2938 κάτω
853 2881 966 2956 ἐσβολὴ

166 2966 351 3046 ἐφυλάσσετο
364 2967 418 3027 ύπδ
434 2973 489 3029 τῶν
503 2971 616 3046 εἴρηται·
636 2968 689 3045 τήν
702 2969 731 3028 δὲ
747 2967 792 3026 διά
807 2970 858 3026 τοῦ
874 2965 967 3042 οὔρεος

165 3055 292 3135 α’τραπόν
319 3056 464 3116 ἐθελονταὶ
489 3058 595 3122 Φωκέες
620 3055 818 3130 ύποδεξάμενοι
845 3055 967 3134 Λεωνίδη

166 3145 345 3224 ἐφύλασσον.
371 3143 501 3221 Ἐμαθον
514 3144 545 3202 δέ
557 3151 650 3221 σφεας
663 3147 690 3203 οἱ
699 3141 805 3202 Φωκέες
819 3138 870 3200 ὧδε
883 3141 946 3202 α’να-
956 3144 1015 3204 218

164 3231 339 3314 βεβηκότας·
361 3232 560 3310 ἀναβαίνοντες
574 3232 630 3312 γάρ
644 3229 796 3294 ἐλάνθανον
815 3230 842 3288 οἱ
857 3230 969 3310 Πέρσαι
