2240 3424
159 106 267 170 65-69]
461 103 650 154 κιικιοαιι.
912 101 960 149 813

160 186 251 246 οὐκέτι
263 182 312 243 τόν
326 182 410 242 αὐτόν
423 182 532 261 κόσμον
542 181 700 262 κατηγέετο,
712 179 789 238 ἀλλά
798 177 851 254 πῆν
860 179 958 256 ταχίσ-

158 299 210 350 την
229 271 360 350 ἐτρόχαζε
380 270 498 352 φεύγων,
513 269 577 330 οὔτε
594 275 621 333 ἐς
636 269 669 328 τό
686 267 798 338 ξύλινον
811 266 874 326 οὔτε
888 272 915 330 ἐς
927 266 960 327 τό

159 361 293 438 Θηβαίων
304 363 404 438 τεῖχος,
421 358 487 418 ἀλλ’
501 363 528 422 ἐς
541 359 661 428 Φωκέας,
675 357 778 417 ἐθέλων
792 355 827 420 ὦς
839 355 961 436 τάχιστα

160 451 206 510 ἐπὶ
219 449 268 509 τόν
281 447 499 525 Ἑλλήσποντον
518 447 678 507 ἀπικέσθαι·
701 446 747 504 καὶ
765 444 798 504 δέ
816 443 892 505 οὗτοι
910 447 962 522 μὲν

159 537 246 616 ταύτῃ
275 537 436 615 ἐτράποντο.
478 540 539 597 Τῶν
565 537 595 595 δὲ
622 535 717 595 ἀλλων
739 533 885 610 Ἑλλήνων
907 540 962 596 τῶν
971 535 1008 596 67

159 625 230 703 μετά
243 627 383 702 βασιλέος
401 623 644 693 ἐθελοκακεόντων,
659 623 777 682 Βοιωτοὶ
786 623 961 700 Ἀθηναίοισι

161 713 337 792 ἐμαχέσαντο
355 712 458 793 χρόνον
479 713 524 772 ἐπὶ
544 712 658 790 συχνόν·
684 715 711 770 οἱ
729 711 785 792 γάρ
803 713 962 788 μηδίζοντες

159 804 215 861 τῶν
242 802 383 878 Θηβαίων,
409 798 485 860 οὗτοι
507 800 583 879 εἶχον
603 801 760 876 προθυμίην
782 799 831 858 οὐκ
853 799 960 881 ὀλίγην,

159 889 333 968 μαχεόμενοί
349 915 381 948 τε
401 889 447 947 καὶ
468 887 518 948 οὐκ
540 888 765 950 ἐθελοκακέοντες
792 886 862 947 οὕτω
890 888 962 948 ὥστε

160 976 317 1054 τριηκόσιοι
344 977 435 1036 αὐτῶν
459 980 486 1036 οἱ
507 980 613 1053 πρῶτοι
640 975 686 1032 καὶ
709 973 820 1052 ἄριστοι
844 977 962 1035 ἐνθαῦτα

161 1065 264 1126 ἔπεσον
279 1065 335 1126 ὖπά
353 1065 517 1141 Ἀθηναίων·
542 1063 576 1127 ὥς
593 1064 622 1122 δέ
638 1061 790 1140 ἐτράποντο
809 1064 856 1122 καὶ
876 1061 961 1134 οὗτοι,

162 1154 280 1235 ἔφευγον
298 1159 326 1218 ἐς
343 1153 393 1218 τάς
406 1152 506 1230 Θήβας
519 1152 568 1212 οὐκ
580 1149 653 1230 ᾗπερ
667 1154 694 1210 οἶ
707 1151 828 1228 Πέρσαι·
850 1152 895 1210 καὶ
907 1155 963 1212 τῶν

161 1240 257 1301 ἄλλων
271 1241 427 1320 συμμάχων
441 1241 457 1302 ἀ
471 1246 525 1305 πᾶς
539 1240 637 1318 ὅμιλος
648 1239 711 1299 οὔτε
722 1239 962 1318 διαμαχεσάμενος

162 1328 252 1390 οὐδενὶ
274 1329 337 1390 οὔτε
359 1355 388 1390 τι
411 1329 615 1408 ἀποδεξάμενος
643 1328 770 1408 ἔφευγον.
813 1332 907 1402 Δηλοῖ
930 1354 961 1388 τε
971 1330 1009 1388 68

162 1417 225 1494 ἐμοὶ
238 1417 281 1478 ὅτι
294 1417 385 1478 πάντα
397 1417 433 1478 vd
446 1417 600 1498 πρήγματα
612 1419 667 1475 τῶν
677 1415 833 1493 βαρβάρων
843 1414 962 1492 ἤρτηντο

162 1509 192 1565 ἐκ
211 1509 353 1586 Περσέων,
373 1510 397 1566 εἰ
415 1507 460 1566 καὶ
478 1505 542 1566 τότε
561 1503 638 1565 οὗτοι
654 1503 721 1581 πρὶν
733 1502 752 1580 ἢ
766 1504 812 1562 καὶ
826 1504 963 1581 συμμίξαι

161 1598 237 1655 τοῖσι
249 1596 414 1673 πολεμίοισι
424 1596 549 1677 ἔφευγον,
562 1592 605 1654 ὅτι
619 1593 665 1652 καὶ
674 1591 739 1655 τοδς
752 1593 868 1671 Πέρσας
878 1591 962 1670 ὥρων.

155 1682 232 1763 ὀὕτω
254 1710 286 1744 τε
306 1683 408 1748 πάντες
426 1685 553 1765 ἔφευγον,
575 1681 652 1758 πλὴν
673 1685 723 1758 τῆς
751 1681 837 1740 ἵππου
859 1685 910 1758 τῆς
932 1707 963 1743 τε

161 1769 253 1848 ἀλλης
273 1773 386 1849 καὶτῆς
404 1774 547 1848 Βοιωτίης·
573 1769 644 1847 αὕτη
661 1770 691 1829 δέ
707 1775 832 1830 τοσαῦτα
852 1797 962 1846 προσω-

162 1860 249 1932 φέλεε
269 1860 334 1923 τοάς
354 1860 517 1940 φεύγοντας,
536 1859 593 1916 αἰεί
610 1883 641 1917 τε
661 1857 733 1932 πρός
748 1861 803 1917 τῶν
820 1859 962 1934 πολεμίων

162 1943 286 2026 ἄγχιστα
303 1951 390 2006 ἐοῦσα
407 1945 582 2026 ἀπείργουσά
596 1969 628 2004 τε
643 1944 707 2006 τούς
721 1946 833 2020 φιλίους
846 1944 963 2026 φεύγον-

161 2058 211 2096 τας
224 2031 280 2092 ἀπό
294 2037 349 2093 τῶν
361 2032 515 2108 Ἑλλήνων.
542 2034 578 2090 Οἱ
591 2029 690 2108 μὲνδὴ
704 2035 830 2095 νικῶντες
844 2033 962 2104 εἵποντο,
972 2035 1009 2093 69

162 2121 226 2184 τούς
253 2120 361 2197 Ξέρξεω
383 2119 525 2182 διώκοντές
547 2145 579 2179 τε
606 2119 652 2178 καὶ
676 2117 848 2195 φονεύοντες·
881 2124 910 2179 ἐν
933 2121 963 2179 δέ

162 2208 251 2288 τούτῳ
264 2213 303 2289 τῷ
318 2208 453 2290 γινομένῳ
472 2207 557 2288 φόβῳ
572 2206 743 2289 ἀγγέλλεται
757 2209 833 2266 τοῖσι
846 2206 964 2268 ἄλλοισι

159 2287 285 2373 Ἕλλησι
308 2300 386 2357 τοῖσι
407 2296 603 2378 τεταγμένοισι
630 2294 695 2374 περὶ
718 2293 751 2356 τό
772 2294 890 2374 Ἡραῖον
918 2297 964 2356 καὶ

162 2385 395 2468 ἀπογενομένοισι
410 2389 461 2461 τῆς
478 2384 578 2464 μάχης,
594 2384 637 2444 ὅτι
654 2383 733 2463 μάχη
748 2409 780 2444 τε
797 2386 896 2466 γέγονε
917 2386 964 2444 καὶ

162 2479 256 2552 νικῷεν
270 2477 297 2532 οἱ
309 2473 381 2551 μετά
399 2474 574 2534 Παυσανίεω·
597 2473 667 2532 οἶδὲ
682 2471 851 2536 ἀκούσαντες
865 2477 961 2547 ταῦτα,

163 2559 260 2620 οὐδένα
280 2561 389 2639 κόσμον
409 2561 564 2641 ταχθέντες,
586 2565 612 2622 οἱ
632 2564 684 2639 μὲν
703 2561 779 2638 ἀμφὶ
800 2562 964 2640 Κορινθίους

163 2647 316 2726 ἐτράποντο
338 2648 383 2708 διά
399 2654 450 2727 τῆς
470 2649 593 2728 ὑπωρέης
615 2651 661 2710 καὶ
687 2653 742 2710 τῶν
764 2653 891 2710 κολωνῶν
910 2650 963 2726 τήν

164 2738 308 2814 φέρουσαν
326 2744 390 2812 ἅνω,
414 2737 458 2798 ἰθά
477 2743 528 2798 τοῦ
549 2742 608 2815 ἱροῦ
628 2742 679 2814 τῆς
699 2737 859 2816 Δήμητρος·
887 2742 914 2798 οἱ
934 2739 964 2798 δέ

163 2823 238 2902 ἀμφὶ
252 2827 400 2908 Μεγαρέας
412 2852 443 2886 τε
456 2827 503 2884 καὶ
516 2828 669 2888 Φλιασίους
682 2825 728 2886 διά
740 2829 792 2885 τοῦ
805 2826 900 2884 πεδίου
912 2825 964 2902 τὴν

163 2913 310 2990 λειοτάτην
322 2919 377 2975 τῶν
389 2913 469 2974 ὁδῶν·
491 2915 553 2974 ε’πεί
563 2940 594 2974 τε
607 2916 637 2974 δὲ
651 2913 742 2995 ἀγχοῦ
753 2919 809 2974 τῶν
822 2914 964 2990 πολεμίων

164 3001 288 3082 ἐγίνοντο
298 3005 325 3061 οἱ
338 3003 482 3084 Μεγαρέες
496 3003 542 3062 καὶ
555 3002 697 3076 Φλιάσιοι,
713 3001 857 3064 ἀπιδόντες
870 3001 963 3076 σφέας

153 3093 190 3149 ὀἱ
202 3093 257 3151 τῶν
267 3091 399 3167 Θηβαίων
410 3089 525 3150 ἱππόται
536 3091 729 3173 ἐπειγομένους
739 3087 836 3149 οὐδένα
847 3089 963 3166 κόσμον,

162 3177 286 3256 ἤλαυνον
312 3177 353 3238 ἐπ’
381 3177 479 3242 αότοῦς
505 3179 570 3244 τοῦς
602 3180 712 3242 ἵππους·
743 3182 799 3238 τῶν
826 3176 963 3257 ἱππάρχεε

162 3266 364 3348 Ἀσωπόδωρος
378 3266 394 3328 ὁ
407 3265 573 3347 Τιμάνδρου·
596 3265 764 3332 ἐσπεσόντες
782 3267 812 3328 δέ
831 3266 963 3328 κατεστό-
