2280 3432
170 63 218 112 τοι
470 62 654 113 Ἦνοιουου
879 62 973 128 [vm.
1118 77 1123 140 γ

174 166 255 204 οντας
282 140 423 216 ἐκπηδέειν
449 144 477 203 ἐς
502 139 554 218 τήν
581 138 741 200 θάλασσαν·
772 139 818 198 καὶ
843 139 895 216 τήν
921 147 973 218 νῆα

173 229 431 304 ἐπικουφισθεῖσαν,
446 227 516 287 οὕτω
527 227 561 302 δή
572 227 753 303 ἀποσωθῆναι
765 232 793 290 ἐς
803 227 854 304 τήν
863 227 974 308 Ἀσίην·

174 315 209 378 ιός
226 317 256 374 δὲ
275 317 392 392 ἐκβῆναι
407 314 534 394 τάχιστα
547 319 577 378 ε’ς·
592 319 646 395 γῆν
663 314 713 374 τόν
728 315 842 392 Ξέρξεα,
855 322 975 394 ποιήσαι

173 402 288 462 τοιόνδε·
313 402 356 463 ότι
370 404 422 479 μὲν
439 404 529 462 ἔσωσε
546 402 684 479 βασιλέος
699 402 751 478 τήν
769 403 870 482 ψυχήν,
890 405 975 483 δωρή-

175 491 283 551 σασθαι
303 492 411 569 χρυσέῃ
438 489 566 570 στεφάνῃ
586 489 637 550 τόν
659 490 838 568 κυβερνήτεαΙ
880 493 924 553 ὅτι
945 495 976 554 δὲ

174 579 308 656 Περσέων
320 578 448 644 πολλοδς
461 578 598 652 άπῶλεσε,
614 578 767 657 ἀποταμεῖν
780 578 833 655 τήν
846 581 976 658 κεφαλήν

128 666 289 727 119αότοῦ.
333 665 423 731 Οὗτος
444 667 473 726 δὲ
493 665 582 730 ἄλλος
602 667 715 747 λέγεται
735 665 821 749 λόγος
841 669 905 745 περὶ
924 675 976 729 τοῦ

174 753 282 832 Ξέρξεω
299 754 410 826 νόστου,
429 754 554 832 οὐδαμῶς
570 755 663 835 ἔμοιγε
679 753 788 823 πιστός,
803 753 865 814 οὔτε
882 755 976 820 άλλως

174 840 237 902 οὔτε
260 842 293 902 τό
318 843 451 921 Περσέων
474 847 557 902 τοῦτο
579 841 677 906 πάθος·
710 845 733 900 εἰ
753 841 808 921 γάρ
830 842 864 917 δή
887 847 976 904 mirra

175 928 244 989 οὕτω
272 931 363 1007 εἰρέθη
390 936 420 990 ἐκ
441 933 491 991 τοῦ
518 929 691 1007 κυβερνήτεω
717 928 788 1006 πρός
811 931 923 1006 Ξέρξεα,
946 937 976 991 ἐν

174 1019 291 1096 μυρίῃσι
303 1018 432 1100 γνιόμῃσι
447 1019 515 1096 μίαν
533 1018 583 1078 οὐκ
600 1018 653 1096 ἔχω
672 1016 807 1088 α’ντίξοον,
821 1017 861 1094 μή
879 1018 929 1078 οὐκ
941 1018 976 1080 ἂν

174 1109 293 1182 ποιήσαι
313 1108 440 1183 βασιλέα
460 1105 576 1166 τοιόνδε·
616 1103 681 1168 τοῖς
700 1107 752 1181 μὲν
772 1111 802 1164 ἐκ
822 1109 872 1166 τοῦ
894 1133 975 1168 κατα-

175 1194 339 1272 στρώματος
373 1193 570 1271 καταβιβάσαι
599 1198 626 1258 ἐς
660 1194 758 1269 κοίλην
787 1197 850 1270 νῆα,
882 1195 976 1260 ἐόντας

175 1283 291 1360 Πέρσας
305 1283 351 1342 καὶ
364 1283 498 1360 Περσέων
517 1281 581 1346 ταῖς
598 1281 731 1360 πρώτους,
747 1285 801 1342 τοῖν
818 1282 841 1341 δ’
854 1285 975 1360 ἐρετέων,

176 1369 275 1431 ἐόντων
298 1371 440 1442 Φοινίκων,
463 1370 532 1433 ὅκως
553 1369 603 1429 οὐκ
626 1367 661 1430 όν
684 1370 748 1430 ἴσον
769 1371 879 1446 πλῆθος
899 1375 975 1432 τοῖσι

176 1458 309 1538 Πέρσησι
331 1459 451 1535 ἐξέβαλε
471 1462 499 1522 ἐς
518 1457 570 1534 τήν
591 1457 752 1518 θάλασσαν.
793 1456 858 1518 ἄλλ’
879 1458 895 1520 ό
915 1461 975 1536 μὲν,

176 1544 211 1609 αῖς
234 1546 281 1605 καὶ
301 1545 436 1623 πρότερον
461 1547 574 1623 εἴρηται,
597 1545 652 1624 όδῷ
672 1545 835 1624 χρεόμενος,
859 1546 918 1623 ἅμα
938 1551 977 1627 τῷ

129 1630 274 1712 120-άλλῳ
295 1637 406 1712 στρατῷ
426 1632 603 1709 άπενόστησε
625 1638 652 1698 ἐς
669 1633 722 1710 τήν
741 1633 850 1710 Ἀσίην.
891 1636 976 1716 Μέγα

175 1720 204 1779 δέ
225 1721 270 1780 καὶ
290 1719 354 1780 τόδε
373 1721 534 1799 μαρτύριον·
557 1722 685 1798 φαίνεται
701 1721 756 1803 γάρ
776 1723 880 1799 Ξέρξης
894 1727 923 1784 ἐν
940 1727 977 1802 τῇ

175 1806 267 1868 ὀπίσω
281 1809 380 1888 κομιδῇ
394 1809 559 1887 ἀπικόμενος
573 1813 600 1874 ἐς
613 1807 755 1886 Ἄβδηρα,
770 1811 816 1868 καὶ
833 1811 934 1886 ξεινίην
946 1814 979 1870 τέ

130 1961 133 1970 ,
175 1900 232 1974 σφι
244 1897 420 1974 συνθέμενος,
435 1898 481 1957 καὶ
495 1896 690 1975 δωρησάμενος
706 1897 805 1960 αὐτοῦς
818 1896 933 1976 άκινάκῃ
946 1923 977 1958 τε

174 1985 285 2066 χρυσέῳ
296 1985 342 2046 καὶ
351 1985 433 2066 τιήρῃ
443 1986 644 2065 χρυσοπάστῳ·
662 1986 708 2046 καὶ
722 1983 757 2048 ὦς
770 1985 850 2046 αὗτοῖ
860 1986 977 2067 λέγουσι

174 2070 349 2152 Ἀβδηρῖται,
359 2075 489 2156 λέγοντες
500 2074 565 2151 ἐμοί
575 2099 608 2154 γε
622 2073 748 2151 οὐδαμῶς
757 2073 854 2147 πιστά,
866 2078 977 2152 πρῶτον

177 2159 299 2222 ἐλύσατο
318 2161 370 2237 τήν
388 2161 474 2236 ζώνην
492 2161 602 2242 φεύγων
624 2161 655 2231 ἐξ
671 2159 812 2240 ἈθηνέωνΙ
826 2160 925 2232 α’πίσω,
942 2160 978 2227 αῖς

177 2251 206 2308 ἐν
218 2247 295 2328 άδείῃ
311 2248 371 2309 ἐάν·
391 2248 476 2312 τόδὲ
488 2247 621 2326 Ἄβδηρα
640 2249 745 2326 ἵδρυται
764 2249 834 2327 πρός
850 2253 901 2311 τοῦ
912 2249 978 2309 Ἑλ·

178 2335 341 2413 λησπόντου
354 2339 468 2413 μᾶλλον
480 2335 499 2416 ἦ
512 2341 562 2397 τοῦ
572 2337 731 2413 Στρυμόνος
741 2338 788 2397 καὶ
797 2341 847 2413 τῆς
856 2336 977 2406 Ἠϊόνας,

176 2421 241 2483 ὅθεν
254 2423 289 2500 δή
301 2449 350 2501 μιν
364 2425 438 2500 φασὶ
452 2426 585 2502 ἐπιβῆναι
598 2424 645 2484 ἐπὶ
657 2424 709 2500 τήν
722 2428 784 2500 νῆα.

130 2511 185 2571 121
239 2513 276 2571 Οἱ
297 2511 327 2570 δὲ
341 2511 490 2589 Ἕλληνες,
515 2513 578 2572 ἐπεί
597 2537 628 2572 τε
650 2510 699 2572 οὐκ
725 2513 782 2572 οἶοί
798 2539 830 2574 τε
851 2513 979 2595 ἐγένοντο

177 2597 294 2668 ἐξελέειν
313 2598 366 2675 τήν
380 2599 509 2678 Ἀνδρον,
524 2599 693 2677 τραπόμενοι
714 2605 741 2664 ἐς
762 2601 913 2678 Κάρυστον
933 2601 980 2660 καὶ

108 2685 113 2696 '
177 2684 344 2762 δηῖάσαντες
371 2686 460 2749 αὐτῶν
486 2687 538 2765 τήν
569 2686 670 2767 χιόρην,
698 2685 924 2748 άπαλλάσσοντο
953 2693 981 2751 ἐς

177 2773 332 2852 Σαλαμῖνα
375 2779 472 2853 πρῶτα
497 2776 549 2853 μέν
576 2799 624 2834 νυν
650 2778 727 2836 τοῖσι
753 2777 845 2836 θεοῖσι
872 2775 981 2844 ἐξεῖλον

176 2861 320 2940 ἀκροθίνια
346 2862 423 2923 ἄλλα
448 2889 480 2923 τε
503 2863 550 2922 καὶ
571 2861 699 2939 τριήρεας
720 2867 793 2941 τρεῖς
814 2853 980 2927 Φοινίσσας·

175 2949 228 3026 τήν
246 2953 298 3028 μὲν
319 2956 346 3014 ές
365 2949 483 3028 Ἰσθμόν
503 2949 652 3021 ἀναθεῖναι,
666 2949 738 3028 ἤπερ
758 2951 798 3010 έτι
817 2951 863 3010 καὶ
884 2955 911 3014 ἐς
931 2954 982 3028 ἐμὲ

176 3037 220 3114 ἦν·
241 3039 292 3116 τήν
310 3039 340 3099 δέ
358 3039 404 3097 ἐπὶ
424 3039 548 3102 Σούνιον·
568 3036 620 3112 τήν
638 3037 668 3098 δέ
685 3043 724 3118 τῷ
737 3041 836 3099 Αἴαντι
853 3038 938 3100 αιίτοῦ
954 3045 982 3104 ἐς

178 3127 333 3198 Σαλαμῖνα·
354 3125 425 3205 μετά
437 3126 467 3186 δὲ
480 3129 563 3186 τοῦτο
579 3124 744 3188 διεδάσαντο
762 3128 814 3204 τήν
827 3127 919 3203 ληίην,
934 3128 982 3187 καὶ

176 3212 212 3272 τά
244 3213 388 3292 άκροθίνια
421 3212 589 3290 ἀπέπεμψαν
622 3217 650 3278 ἐς
683 3214 825 3292 Δελφούς·
860 3219 891 3272 ἐκ
925 3219 982 3274 τῶν
