2280 3432
168 129 215 176 286
481 123 668 185 ἫνοΔουου
904 120 966 185 [IX.

121 208 180 269 12'
209 209 245 266 Οἱ
265 208 317 284 μὲν
338 204 372 281 δή
394 208 422 266 ἐς
442 202 492 264 τόν
510 202 628 280 Ἰσθμόν
648 200 807 282 ήπείγοντο.
848 200 972 283 Ἀργεῖοι

169 296 206 366 δὲ,
221 294 326 353 ἐπείτε
344 292 467 371 τάχιστα
486 291 620 351 ἐπύθοντο
637 289 701 352 τοὺς
720 289 791 366 μετά
804 292 972 352 Παυσανίεω

169 381 370 458 ἐξεληλυθότας
394 385 424 438 ἐκ
448 379 584 457 Σπάρτης,
612 379 756 454 πέμπουσι
780 377 893 455 κήρυκα,
917 384 972 441 τῶν

108 517 110 527 ,
168 469 364 548 ἡμεροδρόμων
380 468 538 545 ἀνευρόντες
554 467 603 526 τάν
623 465 747 543 ἄριστον,
768 471 795 530 ἐς
812 468 864 543 τήν
882 467 973 528 Ἀττι-

169 557 227 634 κήν,
238 557 374 635 πρότερον
388 555 466 616 αὑτοὶ
477 556 625 634 Μαρδονίῳ
639 554 839 631 ὑποδεξάμενοι
852 557 973 635 σχήσειν

168 645 216 705 τόν
242 645 419 722 Σπαρτιήτην
437 644 477 720 μή
499 644 606 712 ἐξιέναι·
628 641 658 705 ἀς
680 642 741 701 ἐπεί
759 667 789 702 τε
810 642 923 702 ἀπίκετο
944 648 973 707 ἐς

167 733 217 796 τοὶς
236 733 362 809 Ἀθήνας,
386 734 465 812 ἐλεγε
486 731 560 792 τάδε·
596 741 614 766 “
622 730 772 808 Μαρδόνιε,
792 731 918 809 ἔπεμψάν
935 757 973 808 με

167 819 291 902 Ἀργεῖοι
309 819 458 897 φράσοντά
477 846 522 880 τοι
540 818 583 880 ὅτι
602 822 632 878 ἐκ
651 817 857 894 Λακεδαίμονος
878 818 972 896 ἐξελή-

169 908 269 985 λυθεή
286 908 450 984 νεότης,καὶ
469 907 503 971 ώς
522 907 554 966 οὑ
573 907 683 967 δυνατοὶ
703 905 789 982 αὑτήν
808 907 899 986 ἴσχειν
916 909 971 967 εἶσὶ

168 995 290 1077 Ἀργεῖοι
309 995 350 1073 μή
376 995 426 1054 οὑκ
452 995 560 1065 ἐξιέναι.
602 995 672 1072 πρός
691 999 779 1054 ταῦτα
799 994 920 1076 τίνγχανε
942 994 971 1056 εὑ

122 1086 159 1143 13
167 1083 398 1162 βουλευόμενος.”
439 1082 474 1141 ‘0
488 1085 540 1159 μὲν
560 1083 601 1160 δή,
618 1084 695 1146 εἴπας
710 1087 806 1154 ταῦτα,
821 1083 970 1144 ἀπαλλάσ-

169 1199 236 1232 σετο
249 1171 349 1232 ὀπίσω·
371 1170 531 1248 Μαρδόνιος
544 1172 574 1230 δέ
589 1171 720 1248 οὐδαμῶς
729 1172 767 1231 ἔτι
781 1171 923 1249 πρόθυμος
936 1172 971 1248 ἦν

167 1261 259 1337 μένειν
280 1266 309 1320 ἐν
325 1265 361 1338 τῇ
380 1259 502 1338 Ἀττικῇ,
521 1259 555 1322 ώς
574 1257 678 1336 ἢκουσε
697 1263 793 1319 ταῦτα.
834 1260 899 1337 πρὶν
919 1263 970 1338 μέν

168 1373 216 1408 νυν
236 1347 254 1424 ἢ
275 1348 422 1417 πυθέσθαι,
444 1345 602 1426 ἀνεκώχευε,
625 1348 714 1407 θέλων
735 1347 833 1407 εἰδέναι
853 1348 885 1408 τό
906 1346 969 1428 παρ’

168 1433 320 1512 Ἀθηναίων
341 1433 434 1494 ὁκοῖόν
454 1461 482 1494 τι
502 1435 665 1510 ποιήσουσι·
688 1435 733 1492 καὶ
754 1434 817 1494 οὔτε
838 1436 970 1514 ἐπήμαινε

169 1521 231 1582 οὑτε
249 1523 356 1582 ἐσίνετο
372 1526 427 1602 γῆν
444 1522 496 1598 τήν
511 1521 649 1598 Ἀττικήν,
670 1523 787 1594 ἐλπίζων
803 1524 849 1583 διά
868 1525 971 1590 παντός

167 1615 217 1669 τοῦ
229 1610 332 1690 χρόνου
348 1609 538 1690 ὁμολογήσειν
555 1610 656 1686 σφέας·
679 1611 738 1669 ἐπεὶ
757 1611 786 1669 δέ
805 1611 854 1670 οὑκ
871 1613 969 1686 ἔπειθε,

167 1697 322 1774 πυθόμενος
347 1697 397 1757 τόν
424 1696 515 1757 πάντα
544 1697 640 1778 λόγον,
670 1698 736 1775 πρὶν
763 1696 782 1774 ἢ
807 1698 871 1762 τοὺς
897 1694 969 1776 μετά

168 1784 334 1844 Παυσανίεω
362 1789 389 1847 ἐς
415 1782 465 1845 τόν
487 1784 604 1866 Ἰσθμόν
631 1788 777 1862 ἐμβαλεῖν,
801 1785 971 1865 ὑπεξεχώρεε

168 1871 315 1950 ἐμπρήσας
334 1897 365 1933 τε
385 1871 436 1936 τάς
456 1870 583 1948 Ἀθήνας,
604 1873 650 1932 καὶ
671 1873 696 1932 εί
716 1873 765 1933 κού
784 1900 812 1933 τι
832 1873 916 1951 ὀρθόν
935 1874 970 1951 ἦν

167 1965 221 2021 τών
242 1947 353 2041 τειχέων
374 1959 393 2037 ή
415 1964 471 2021 τῶν
493 1960 648 2038 οἰκημάτων
670 1960 688 2037 ἢ
708 1965 763 2021 τῶν
783 1964 855 2039 ἱρῶν,
879 1955 980 2023 πάντα

168 2049 338 2126 καταβαλών
371 2050 417 2108 καὶ
452 2049 613 2130 συγχώσας.
656 2050 790 2125 ἐξήλαυνε
823 2049 853 2108 δέ
885 2051 971 2110 τῶνδε

169 2137 276 2208 εἵνεκεν,
291 2136 335 2197 ὅτι
349 2137 412 2197 οὔτε
432 2138 575 2214 ἱππασίμη
589 2136 608 2212 ή
624 2136 701 2216 χώρη
719 2135 755 2212 ἦν
774 2135 794 2212 ή
809 2135 931 2213 Ἀττική,
946 2139 972 2198 εἴ

167 2251 198 2285 τε
211 2231 308 2304 νικῷτο
323 2223 653 2303 συμβαλώνάπάλλαξις
667 2224 715 2284 οὑκ
733 2222 768 2300 ἦν
787 2223 830 2284 ὅτι
845 2225 886 2301 μή
900 2219 970 2284 κατά

168 2313 285 2381 στεινόν,
301 2312 373 2372 ὥστε
386 2311 432 2370 καὶ
451 2310 564 2392 ὀλίγους
584 2313 677 2388 σφέας
694 2310 854 2389 ἀνθρώπους
867 2313 968 2391 ἴσχειν.

168 2399 334 2476 ἐβουλεύετο
355 2397 400 2470 ὧν,
421 2399 640 2479 ἐπαναχωρήσας
659 2405 686 2462 ἐς
701 2398 750 2461 τοὶς
771 2399 878 2475 Θήβας,
899 2425 970 2477 συμ-

167 2488 270 2563 βαλεῖν
283 2487 353 2565 πρός
365 2487 434 2547 πόλι
448 2514 478 2548 τε
493 2488 576 2566 φιλίη
591 2488 637 2546 καὶ
649 2487 727 2566 χώρη
742 2488 894 2566 ἱππασίμη.

122 2575 159 2634 14
209 2575 366 2652 Μαρδόνιος
379 2578 431 2652 μὲν
444 2575 478 2651 δή
496 2575 674 2654 ὑπεξεχώρεε·
696 2574 749 2651 ήδη
769 2575 799 2633 δὲ
818 2579 846 2635 ἐν
863 2579 900 2653 τῇ
916 2573 971 2654 ὁδῷ

168 2660 240 2722 ἐόντι
251 2661 322 2740 αὑτῷ
335 2662 406 2739 ἦλθε
420 2662 546 2744 ἀγγελίη,
556 2661 715 2740 πρόδρομον
729 2661 821 2738 ἀλλην
835 2661 971 2738 στρατιήν

167 2749 244 2826 ἥκειν
257 2754 284 2812 ἐς
298 2751 425 2832 Μέγαρα,
440 2750 663 2827 Λακεδαιμονίων
675 2750 793 2829 χιλίους·
815 2749 970 2826 πυθόμενος

168 2837 300 2897 δὲταῦτα
317 2838 491 2915 ἐβουλεύετο,
508 2837 597 2897 θέλων
618 2839 643 2896 εἴ
661 2863 713 2900 κως
729 2836 844 2899 τούτους
860 2840 971 2912 πρῶτον

169 2925 238 2984 ἐλαι·
278 2925 458 3004 ὑποστρέψας
485 2925 514 2984 δὲ
540 2924 592 3000 τήν
624 2924 759 3002 στρατιήν
784 2923 836 3006 ἦγε
864 2925 909 2983 ἐπὶ
935 2925 972 2984 τά

168 3013 298 3092 Μέγαρα·
339 3014 358 3088 ή
385 3013 415 3072 δὲ
443 3015 526 3074 ἵππος
559 3013 741 3089 προελθοῦσα
773 3011 972 3072 κατιππάσατο

167 3099 261 3178 χώρην
274 3101 325 3178 τήν
342 3101 497 3182 Μεγαρίδα.
539 3100 579 3178 (ἐς
594 3099 697 3177 ταύτην
716 3099 750 3176 δή
765 3099 908 3160 ἑκαστάτω
920 3105 971 3177 τῆς

168 3185 303 3266 Εὐρώπης
322 3189 356 3250 τό
376 3187 445 3265 πρός
464 3187 547 3265 ήλίου
567 3187 694 3254 δύνοντος
713 3188 732 3266 ἡ
753 3188 882 3268 Περσική
902 3187 973 3266 αὕτη

146 3275 287 3350 δστρατιή
301 3275 437 3353 ἀπίκετο.)
480 3273 563 3334 Μετὰ
583 3273 613 3334 δὲ
627 3281 724 3346 ταῦτα,
739 3277 887 3356 Μαρδονίῳ
899 3275 975 3353 ἦλθε
