2280 3432
158 61 206 110 235
462 61 646 111 ἨΡΟΔΟἝΟῪ
862 61 955 127 [VIII.

161 143 207 203 καὶ
221 141 368 202 Μακεδνόν
386 143 471 210 ἔθνος,
490 141 521 210 ἐξ
536 139 660 217 Ἐρινεοῦ
677 167 709 200 τε
727 142 773 200 καὶ
791 141 897 200 Πίνδου
911 145 957 202 καὶ

158 235 209 307 τῆς
225 230 380 307 Δρυοπίδος
396 227 505 288 ὕστατα
523 229 696 305 ὁρμηθέντες·
718 233 745 287 οἰ
758 229 788 287 δέ
800 228 958 306 Ἑρμιονέες

160 319 215 378 εἰσί
228 316 361 394 Δρύοπες,
376 315 430 376 ύπδ
443 315 598 392 Ἡρακλέος
611 342 641 375 τε
655 317 700 374 καὶ
719 318 851 392 Μηλιέων
865 323 895 376 ἐκ
908 324 958 394 τῆς

160 411 208 466 νῦν
221 405 344 482 Δωρίδος
357 406 526 481 καλεομένης
538 404 630 484 χώρης
643 403 848 473 ἐξαναστάντες.
881 403 957 466 οὗτοι

113 496 152 554 44
159 494 211 570 μέν
231 519 279 552 νυν
302 493 539 568 Πελοποννησίων
564 491 771 569 ἐστρατεύοντο.
814 497 851 552 Οἰ
874 494 904 552 δέ
927 499 958 553 ἐκ

154 578 210 658 τῆς
224 583 274 651 ἐξω
298 580 423 659 ήπείρου·
443 580 587 656 Ἀθηναῖοι
610 583 670 656 μὲν,
687 580 758 657 τρῖς
774 581 880 645 πάντας
894 583 958 646 τούς

161 669 266 733 ἅλλους
292 669 478 748 παρεχόμενοι
500 672 568 745 νήας
594 667 751 750 ὀγδώκοντα
778 671 823 728 καὶ
851 671 955 746 ἐκατὸν,

161 763 268 834 μοῦνοι·
290 763 318 818 ἐν
332 759 471 834 Σαλαμῖνι
488 757 543 838 γάρ
562 756 595 816 ού
613 756 865 836 συνεναυμάχησαν
878 762 958 817 Πλα-

160 845 249 909 ταιέες
265 846 447 921 Ἀθηναίοισι,
467 845 512 904 διεῖ
529 844 635 904 τοιόνδε
654 847 780 924 πρῆγμα·
808 843 958 906 α’παλλασ-

162 935 287 1010 σομένων
313 937 368 994 τῶν
394 932 539 1008 Ἑλλήνων
559 931 615 991 άπό
637 935 688 991 τοῦ
711 931 898 1008 Ἀρτεμισίου,
923 933 959 997 ώς

163 1023 285 1102 ἐγίνοντο
303 1019 372 1082 κατά
389 1020 527 1088 Χαλκίδα,
546 1023 572 1078 οἱ
589 1020 745 1082 Πλαταιέες
760 1019 918 1096 ἀποβάντες
931 1027 959 1084 ἐς

161 1109 213 1185 τήν
234 1109 351 1187 περαίην
373 1112 424 1184 τῆς
450 1108 582 1182 Βοιωτίης
604 1106 696 1186 χώρης
719 1105 790 1183 πρός
813 1109 959 1184 ἐκκομιδὴν

163 1197 315 1275 ἐτράποντο
340 1200 396 1256 τῶν
422 1195 555 1256 οἰκετέων.
597 1193 672 1254 οὗτοι
698 1197 751 1271 μέν
776 1221 824 1255 νυν
846 1195 959 1260 τούτους

162 1285 296 1356 σώζοντες
309 1285 492 1359 ἐλείφθησαν.
518 1281 662 1358 Ἀθηναῖοι
674 1283 712 1355 δέ,
727 1283 773 1341 ἐπὶ
782 1286 834 1359 μέν
844 1288 957 1344 Πελασ-

162 1377 219 1454 γῶν
246 1372 364 1450 ἐχόντων
389 1371 440 1446 τήν
463 1375 511 1430 νῦν
532 1369 659 1430 Ἑλλάδα
686 1371 864 1448 καλεομένην,
884 1371 959 1448 ἦσαν

162 1459 312 1540 Πελασγοὶ
325 1457 540 1535 ούνομαζόμενοι
556 1460 691 1534 Κραναοί·
713 1460 758 1518 ἐπὶ
771 1458 801 1517 δέ
814 1461 959 1536 Κέκροπος

162 1548 301 1624 βασιλέος
319 1546 514 1622 ἐπεκλήθησαν
532 1547 712 1624 Κεκροπίδαι·
734 1547 912 1624 ἐκδεξαμένου
929 1549 958 1607 δέ

161 1634 308 1713 Ἐρεχθέος
330 1633 381 1710 τήν
402 1633 500 1712 α’ρχήν,
521 1633 665 1711 Ἀθηναῖοι
690 1635 957 1712 μετωνομάσθησαν·

158 1720 253 1785 Ἴωνος
272 1721 303 1781 δέ
322 1725 372 1782 τοῦ
390 1721 499 1784 Ξούθου
518 1722 698 1801 στρατάρχεω
713 1724 862 1804 γενομένου
877 1723 958 1800 Ἀθη-

115 1813 154 1870 45
163 1809 274 1880 ναίοισι,
289 1809 449 1885 ἐκλήθησαν
462 1809 518 1869 οἷπὸ
530 1810 630 1870 τούτου
638 1809 740 1874 Ἴωνες.
774 1812 917 1892 Μεγαρέες
929 1812 959 1870 δέ

162 1895 250 1958 τώυτδ
268 1895 408 1976 πλήρωμα
425 1899 592 1978 παρείχοντο
607 1898 640 1959 τό
660 1899 706 1957 καὶ
724 1898 766 1958 ἐπ’
782 1897 957 1979 Ἀρτεμισίῳ·

165 1983 373 2064 Ἀμπρακιῶται
394 1986 423 2046 δέ
446 1986 515 2048 ἑπτὰ
541 1987 603 2048 νέας
629 1987 738 2065 ἔχοντες
764 1987 958 2063 ἐπεβώθησαν·

163 2074 310 2134 Λευκάδιοι
327 2074 357 2132 δὲ
369 2078 451 2150 τρεῖς·
473 2075 550 2136 ἐθνος
565 2075 654 2138 ἐόντες
674 2072 750 2134 οὗτοι
763 2074 887 2151 Δωρικόν
903 2073 959 2134 άπὸ

117 2165 154 2222 46
164 2163 313 2238 Κορίνθου.
342 2162 510 2236 Νησιωτέων
523 2161 560 2230 δὲ,
572 2165 718 2243 Αἰγινῆται
731 2162 878 2239 τριήκοντα
890 2188 959 2239 παρ·

164 2250 282 2328 είχοντο.
322 2247 397 2331 ἦσαν
416 2249 468 2325 μέν
488 2255 543 2325 σφι
567 2251 613 2309 καὶ
637 2250 724 2309 ἄλλαι
747 2251 960 2327 πεπληρωμέναι

164 2339 231 2400 νέες·
255 2336 332 2396 ἀλλὰ
352 2340 419 2416 τῇσι
437 2339 488 2415 μέν
505 2337 557 2413 τήν
574 2342 678 2398 ἐωυτῶν
693 2338 869 2414 ἐφύλασσον,
885 2337 959 2414 τριή-

165 2451 249 2485 κοντα
263 2424 292 2484 δέ
304 2428 372 2503 τῇσι
385 2423 488 2502 ἄριστα
502 2427 671 2506 πλωούσῃσι
685 2431 713 2484 ἐν
728 2428 867 2502 Σαλαμῖνι
884 2429 960 2484 ε’ναυ·

163 2511 306 2590 μάχησαν.
331 2515 477 2593 Αἰγινῆται
487 2513 518 2572 δέ
526 2518 582 2573 εἰσι
590 2515 708 2590 Δωριέες
717 2513 774 2574 <ind
783 2512 959 2588 Ἐπιδαύρου·

163 2603 199 2679 τῇ
217 2599 247 2658 δέ
265 2599 341 2678 νήσῳ
357 2598 492 2677 πρότερον
510 2601 615 2678 οὕνομα
631 2601 666 2676 ἦν
685 2601 800 2678 Οἰνώνη.
842 2599 912 2678 μετά
931 2601 961 2659 δέ

164 2686 321 2770 Αἰγινήτας,
351 2689 502 2752 Χαλκιδέες
527 2689 578 2752 τάς
604 2689 645 2749 ἐπ’
671 2689 839 2769 Ἀρτεμισίῳ
872 2689 961 2748 εἰκοσι

163 2775 349 2856 παρεχόμενοι
362 2776 408 2836 καὶ
417 2775 568 2854 Ἐρετριέες
580 2777 629 2840 τάς
643 2778 720 2838 ἐττά·
742 2774 818 2838 οὗτοι
832 2777 861 2836 δέ
869 2775 961 2840 Ἴωνές

164 2868 229 2926 εἰσι.
269 2864 340 2941 μετά
357 2864 394 2934 δέ,
410 2867 490 2924 Κεῖοι
505 2865 555 2926 τάς
573 2864 657 2928 αύτάς
672 2865 866 2944 παρεχόμενοι,
884 2865 961 2928 ἐθνος

164 2952 210 3014 ἐόν
223 2951 345 3012 Ἰωνικόν
361 2951 418 3011 άτδ
434 2949 581 3026 Ἀθηνέων.
623 2953 724 3023 Νάξιοι
745 2953 775 3012 δέ
794 2954 961 3030 παρείχοντο

163 3042 308 3118 τέσσερας,
322 3038 551 3115 ἀποπεμφθέντες
571 3042 622 3116 μὲν
643 3045 670 3104 ἐς
689 3041 753 3104 τοῖς
773 3039 887 3115 Μήδους
906 3039 961 3098 find

107 3120 111 3126 ¹
162 3133 217 3188 τῶν
226 3127 382 3202 πολιητέων
392 3124 513 3202 κατάπερ
522 3123 611 3186 ὧλλοι
619 3131 760 3203 νησιῶται,
769 3127 962 3207 ἀλογήσαντες

164 3215 193 3274 δέ
210 3219 265 3275 τῶν
284 3213 416 3274 ἐντολέων
431 3210 551 3273 ἀπίκατο
568 3219 596 3278 ἐς
613 3214 678 3278 τοῖς
691 3214 843 3290 Ἕλληνας,
865 3221 960 3290 Δημο-
