2240 3424
164 65 259 130 ιαμ]
470 63 658 114 mmmm.
913 67 960 112 τοι

162 143 286 202 κατιέναι
298 141 481 218 Ἡρακλείδας
499 141 545 200 ε’πὶ
558 140 594 200 τό
609 139 742 217 πατρώϊα·
763 137 798 217 ἢν
811 141 840 200 δὲ
854 143 960 220 νικηθῇ,

162 230 199 291 τό
218 231 338 308 ἔμπαλιν
353 228 537 307 Ἡρακλείδας
555 228 805 298 ἀπαλλάσσεσθαι,
825 229 875 289 καὶ
890 228 960 288 α’πιί-

164 344 223 400 γειν
249 318 301 395 τὴν
326 319 469 396 στρατιήν·
501 318 598 380 ἑκατόν
619 345 650 378 τε
677 318 757 378 ε’τέων
777 315 818 393 μὴ
842 319 961 394 ζητῆσαι

164 405 281 467 κάτοδον
307 411 335 472 ές
362 407 592 483 Πελοπόννησον.
635 405 786 484 προεκρίθη
812 431 843 465 τε
870 405 903 482 δὴ
931 409 961 464 έκ

164 493 272 554 πάντων
289 494 445 573 συμμάχων
462 494 609 571 ε’θελοντὴς
627 493 752 574 Ἔχεμος
773 493 790 556 ό
811 493 960 571 Ἠερόπου,

162 585 213 640 τοῦ
233 583 347 662 Φηγέος,
367 573 523 663 στρατηγός
540 608 571 642 τε
590 582 641 642 ἐδν
654 582 700 640 καὶ
712 582 853 660 βασιλεύς
865 582 961 660 ἡμέτε-

163 693 220 745 ρος·
241 669 287 726 καὶ
305 669 520 748 ἐμουνομάχησέ
534 695 565 730 τε
582 672 627 728 καὶ
642 670 910 731 οἷπέκτεινεὟλλον·
931 675 962 729 ἐκ

164 754 263 814 τούτου
272 759 322 815 τοῦ
333 757 414 837 ἔργου
425 757 561 834 εύρόμεθα
572 763 601 816 έν
613 761 689 816 τοῖσι
704 759 961 834 Πελοποννησίοισι

163 845 240 903 τοῖσι
256 842 321 903 τότε
337 845 383 903 καὶ
399 844 476 904 ἄλλα
491 846 574 925 γέρεα
594 845 713 924 μεγάλα,
730 845 766 904 τά
785 846 962 926 διατελέομεν

164 929 281 1009 ἔχοντες,
298 931 344 990 καὶ
359 937 409 992 τοῦ
428 933 521 1009 κέρεος
537 936 587 992 τοῦ
606 932 699 1010 ἑτέρου
717 932 771 990 αἰεὶ
785 931 962 1012 ἡγεμονεύειν

164 1022 256 1094 κοινῆς
270 1019 365 1088 ἐξόδου
385 1019 539 1101 γινομένης·
553 1019 631 1096 ύμῖν
648 1019 700 1096 μέν
715 1045 770 1088 νυν,
790 1019 811 1078 ὦ
829 1019 961 1078 Λακεδαι·

163 1104 264 1182 μόνιοι,
276 1107 325 1165 ούκ
339 1107 512 1186 ἀντιεύμεθα·
526 1106 603 1166 άλλοὶ
617 1106 737 1170 διδόντες
748 1107 857 1185 αἵρεσιν
871 1106 962 1166 ὁκοτέ-

164 1217 215 1269 ρου
227 1193 372 1268 βούλεσθε
387 1197 480 1272 κέρεος
494 1196 597 1274 ἄρχειν,
611 1197 754 1273 παρίεμεν·
769 1199 819 1256 τοῦ
829 1195 858 1254 δὲ
870 1195 962 1272 ἑτέρου

165 1283 258 1356 φαμὲν
274 1281 362 1359 ἡμέας
380 1285 520 1344 ἱκνέεσθαι
535 1282 720 1365 ἡγεμονεύειν,
739 1283 860 1360 κατάπερ
879 1287 908 1341 έν
924 1285 963 1360 τῷ

164 1367 273 1446 πρόσθε
295 1371 396 1449 χρόνῳ.
436 1373 520 1450 χωρίς
540 1397 571 1432 τε
590 1370 689 1432 τούτου
711 1375 761 1431 τοῦ
782 1369 962 1450 ἀπηγημένου

157 1456 253 1536 -έργου,
283 1455 482 1535 ἀξιονικότεροί
505 1463 578 1536 εἰμεν
603 1459 757 1537 Ἀθηναίων
782 1457 885 1534 ταύτην
909 1457 962 1534 τὴν

163 1543 242 1614 τάξιν
259 1546 341 1624 ἔχειν·
367 1547 473 1608 πολλοὶ
488 1550 539 1624 μὲν
554 1547 609 1628 γάρ
622 1572 653 1606 τε
667 1547 713 1606 καὶ
729 1545 758 1606 εὖ
772 1547 880 1626 ἔχοντες
892 1544 962 1623 πρός
987 1573 994 1588 ·

163 1630 248 1709 ύμέας
260 1633 337 1711 ἡμῖν,
357 1635 453 1713 ἅνδρες
471 1637 653 1714 Σπαρτιῆται,
668 1635 770 1716 άγῶνες
788 1633 961 1715 ἀγωνίδαται,

158 1721 268 1778 ’πολλοὶ
286 1721 315 1779 δὲ
336 1723 381 1780 καὶ
400 1724 470 1800 πρός
488 1724 602 1788 ἄλλους·
624 1723 694 1784 οὕτω
708 1723 744 1784 ὧν
756 1722 844 1799 ἡμέας
857 1722 962 1782 δίκαιον

162 1806 235 1884 ἔχειν
247 1806 281 1866 τό
296 1808 389 1885 ἔτερον
404 1812 493 1887 κέρας,
508 1810 579 1888 ἤπερ
594 1811 767 1888 Ἀθηναίους·
788 1809 821 1869 ού
836 1809 891 1890 γάρ
905 1809 963 1884 σφί

163 1896 224 1952 ἐστι
238 1894 306 1974 ἔργα
320 1895 365 1954 οἶά
378 1919 430 1972 περ
444 1897 513 1974 ἡμῖν
527 1897 745 1978 κατεργασμένα,
760 1895 815 1956 οὔτ’
829 1895 866 1954 ὧν
879 1896 960 1956 καινά

163 1978 368 2039 ουτεπαλαιυί.”

204 2069 241 2126 Οἱ
260 2069 312 2143 μὲν
331 2071 420 2128 ταῦτα
441 2068 547 2149 ἔλεγον·
573 2067 717 2144 Ἀθηναῖοι
737 2068 767 2128 δὲ
788 2065 858 2144 πρός
873 2073 960 2128 ταῦτα
971 2071 1008 2130 27

161 2152 342 2232 ὕπεκρίναντο
360 2155 435 2216 τάδε·
457 2155 658 2232 ι’ἔπιστάμεθα
673 2158 724 2233 μὲν
742 2155 860 2216 σύνοδον
880 2155 961 2232 τήνδε

160 2240 254 2322 μάχης
271 2243 360 2304 εἵνεκα
378 2248 553 2325 συλλεγῆναι
569 2243 638 2322 πρός
653 2243 703 2304 τόν
720 2243 879 2322 βάρβαρον,
895 2242 962 2304 ἀλλ’

161 2329 193 2389 αὖ
213 2331 314 2412 λόγων.
356 2330 416 2390 ε’πεὶ
436 2330 466 2390 δὲ
487 2329 503 2391 ό
530 2329 667 2413 Τεγεήτης
693 2332 830 2410 προέθηκε
853 2332 963 2392 παλαιά

134 2494 135 2497 ¹
161 2418 207 2476 καὶ
227 2419 308 2480 καινοὶ
327 2420 420 2502 λέγειν
439 2419 475 2480 τά
496 2421 652 2498 ἑκατέροισι
670 2423 755 2499 ἐντῷ
771 2419 854 2480 παντὶ
870 2419 962 2500 χρόνῳ

156 2505 349 2586 1κατέργασται
358 2507 485 2587 -χρηστό,
503 2507 656 2590 α’ναγκαίως
673 2507 741 2585 ἡμῖν
761 2507 818 2587 ἔχει
836 2507 962 2584 δηλῶσαι

161 2592 231 2667 πρός
251 2593 344 2670 ύμέας,
364 2593 429 2658 ὅθεν
448 2595 517 2673 ἡμῖν
536 2594 674 2674 πατρώϊόν
704 2600 773 2664 ε’στι,
793 2599 871 2654 ἐοῦσι
894 2621 962 2672 χρη-

162 2683 258 2739 στοῖσι
268 2683 329 2753 αἰει,
343 2683 488 2792 πρώτοισι
494 2684 562 2744 εἶναι
575 2682 718 2762 μαλλον
701 2710 719 2760 η
729 2682 857 2760 Ἀρκάσι·
875 2683 961 2760 Ηρα-

161 2765 329 2829 κλείδας
288 2793 345 2828 των
359 2767 436 2830 οὗτοι
454 2771 562 2847 φασὶ’
544 2774 705 2831 αποκτεῖναι
724 2769 773 2830 τόν
789 2769 914 2851 ἡγεμόνα
932 2775 961 2830 ἔν

159 2850 274 2934 Ἰσθμῷ,
289 2858 372 2915 τοῦτο
389 2861 440 2934 μὲν
457 2857 572 2922 τούτους
584 2857 720 2936 πρότερον
734 2857 961 2932 ἐξελαυνομένους

160 2939 215 3001 ύπδ
225 2941 384 3004 πάντων
345 2967 400 3004 των
409 2944 580 3020 Ελλήνων’
567 2972 594 3010 ες
607 2971 670 3010 τους
684 2944 830 3004 ἀπικοίατο
844 2942 961 3022 φεύγον-

159 3053 208 3094 τες
224 3029 397 3108 δουλοσύνην
416 3033 487 3110 πρός
510 3033 687 3110 Μυκηναίων,
707 3057 806 3111 μουνοι
828 3029 960 3100 υποδεξά-

161 3144 246 3196 μενοι,
260 3119 313 3196 τὴν
325 3119 487 3198 Είρυσθέος
496 3121 581 3232 ὕβριν
592 3123 764 3198 κατείλομεν,
778 3146 832 3180 συν
845 3120 961 3180 κείνοισι

157 3208 420 3342 νηηίχηηγικήσαντες
434 3236 499 3274 τους
513 3210 578 3272 τότε
595 3211 709 3331 έχοντας
728 3207 961 3285 Πελοπόννησον·
