<?xml version="1.0" encoding="UTF-8"?>
<!DOCTYPE html PUBLIC "-//W3C//DTD XHTML 1.0 Transitional//EN"
    "http://www.w3.org/TR/xhtml1/DTD/xhtml1-transitional.dtd">
<html xmlns="http://www.w3.org/1999/xhtml" xml:lang="en" lang="en">
 <head>
  <title>
</title>
<meta http-equiv="Content-Type" content="text/html;charset=utf-8" />
  <meta name='ocr-system' content='tesseract 3.04.00' />
  <meta name='ocr-capabilities' content='ocr_page ocr_carea ocr_par ocr_line ocrx_word'/>
</head>
<body>
  <div class='ocr_page' id='page_1' title='image "./herodotusrecens01blakgoog_0350.png"; bbox 0 0 2240 3424; ppageno 0'>
   <div class='ocr_carea' id='block_1_1' title="bbox 142 131 992 3393">
    <p class='ocr_par' dir='ltr' id='par_1_1' title="bbox 142 131 942 2031">
     <span class='ocr_line' id='line_1_1' title="bbox 144 131 940 199; baseline -0.006 -11"><span class='ocrx_word' id='word_1_1' title='bbox 144 135 251 199; x_wconf 78' lang='grc'>74-78]</span> <span class='ocrx_word' id='word_1_2' title='bbox 448 135 637 185; x_wconf 73' lang='grc' dir='ltr'>ΚΑΛΛῙΟΠΗ.</span> <span class='ocrx_word' id='word_1_3' title='bbox 893 131 940 183; x_wconf 83' lang='grc'>317</span> 
     </span>
     <span class='ocr_line' id='line_1_2' title="bbox 142 209 942 288; baseline -0.005 -17"><span class='ocrx_word' id='word_1_4' title='bbox 142 212 207 276; x_wconf 86' lang='grc' dir='ltr'>τοῦς</span> <span class='ocrx_word' id='word_1_5' title='bbox 227 211 380 288; x_wconf 80' lang='grc' dir='ltr'>Ἕλληνας,</span> <span class='ocrx_word' id='word_1_6' title='bbox 403 216 491 276; x_wconf 98' lang='grc' dir='ltr'>ἐοῦσα</span> <span class='ocrx_word' id='word_1_7' title='bbox 514 211 649 288; x_wconf 72' lang='grc' dir='ltr'>παλλακὴ</span> <span class='ocrx_word' id='word_1_8' title='bbox 675 209 866 288; x_wconf 77' lang='grc' dir='ltr'>Φαρανδάτεος</span> <span class='ocrx_word' id='word_1_9' title='bbox 891 213 942 269; x_wconf 89' lang='grc' dir='ltr'>τοῦ</span> 
     </span>
     <span class='ocr_line' id='line_1_3' title="bbox 142 299 941 377; baseline -0.003 -20"><span class='ocrx_word' id='word_1_10' title='bbox 142 299 290 367; x_wconf 82' lang='grc' dir='ltr'>Τεάσπιος,</span> <span class='ocrx_word' id='word_1_11' title='bbox 301 299 400 376; x_wconf 83' lang='grc' dir='ltr'>α’νδρός</span> <span class='ocrx_word' id='word_1_12' title='bbox 412 301 538 377; x_wconf 78' lang='grc' dir='ltr'>Πέρσεω,</span> <span class='ocrx_word' id='word_1_13' title='bbox 550 299 755 376; x_wconf 81' lang='grc' dir='ltr'>κοσμησαμένη</span> <span class='ocrx_word' id='word_1_14' title='bbox 763 299 860 376; x_wconf 76' lang='grc' dir='ltr'>χρυσῷ</span> <span class='ocrx_word' id='word_1_15' title='bbox 871 301 941 356; x_wconf 88' lang='grc' dir='ltr'>τολ-</span> 
     </span>
     <span class='ocr_line' id='line_1_4' title="bbox 143 385 942 464; baseline -0.003 -20"><span class='ocrx_word' id='word_1_16' title='bbox 143 389 185 464; x_wconf 66' lang='grc' dir='ltr'>λῷ</span> <span class='ocrx_word' id='word_1_17' title='bbox 202 387 249 444; x_wconf 86' lang='grc' dir='ltr'>καὶ</span> <span class='ocrx_word' id='word_1_18' title='bbox 266 385 335 461; x_wconf 75' lang='grc' dir='ltr'>αῦτη</span> <span class='ocrx_word' id='word_1_19' title='bbox 352 388 398 445; x_wconf 89' lang='grc' dir='ltr'>καὶ</span> <span class='ocrx_word' id='word_1_20' title='bbox 415 390 444 446; x_wconf 86' lang='grc' dir='ltr'>αἱ</span> <span class='ocrx_word' id='word_1_21' title='bbox 462 386 631 464; x_wconf 76' lang='grc' dir='ltr'>ἀμφίπολοι,</span> <span class='ocrx_word' id='word_1_22' title='bbox 646 387 692 445; x_wconf 85' lang='grc' dir='ltr'>καὶ</span> <span class='ocrx_word' id='word_1_23' title='bbox 710 387 809 460; x_wconf 77' lang='grc' dir='ltr'>ἐσθῆτι</span> <span class='ocrx_word' id='word_1_24' title='bbox 827 388 942 463; x_wconf 76' lang='grc' dir='ltr'>τῇκαλ-</span> 
     </span>
     <span class='ocr_line' id='line_1_5' title="bbox 142 471 941 551; baseline 0.004 -19"><span class='ocrx_word' id='word_1_25' title='bbox 142 475 230 550; x_wconf 77' lang='grc' dir='ltr'>λιστῃ</span> <span class='ocrx_word' id='word_1_26' title='bbox 242 477 297 533; x_wconf 76' lang='grc' dir='ltr'>τῶν</span> <span class='ocrx_word' id='word_1_27' title='bbox 309 474 494 550; x_wconf 79' lang='grc' dir='ltr'>παρεουσέων,</span> <span class='ocrx_word' id='word_1_28' title='bbox 506 476 660 551; x_wconf 80' lang='grc' dir='ltr'>καταβᾶσα</span> <span class='ocrx_word' id='word_1_29' title='bbox 670 479 700 534; x_wconf 88' lang='grc' dir='ltr'>ἐκ</span> <span class='ocrx_word' id='word_1_30' title='bbox 709 477 760 549; x_wconf 76' lang='grc' dir='ltr'>τῆς</span> <span class='ocrx_word' id='word_1_31' title='bbox 769 471 941 549; x_wconf 71' lang='grc' dir='ltr'>ἁρμαμάξης,</span> 
     </span>
     <span class='ocr_line' id='line_1_6' title="bbox 143 559 942 638; baseline 0 -21"><span class='ocrx_word' id='word_1_32' title='bbox 143 560 243 637; x_wconf 80' lang='grc' dir='ltr'>ἐχώρεε</span> <span class='ocrx_word' id='word_1_33' title='bbox 264 565 291 622; x_wconf 84' lang='grc' dir='ltr'>ἐς</span> <span class='ocrx_word' id='word_1_34' title='bbox 309 560 375 622; x_wconf 87' lang='grc' dir='ltr'>τοῦς</span> <span class='ocrx_word' id='word_1_35' title='bbox 394 559 627 638; x_wconf 86' lang='grc' dir='ltr'>Λακεδαιμονίους</span> <span class='ocrx_word' id='word_1_36' title='bbox 644 561 685 620; x_wconf 79' lang='grc' dir='ltr'>ἔτι</span> <span class='ocrx_word' id='word_1_37' title='bbox 702 565 731 620; x_wconf 87' lang='grc' dir='ltr'>ἐν</span> <span class='ocrx_word' id='word_1_38' title='bbox 748 563 817 637; x_wconf 80' lang='grc' dir='ltr'>τῇσι</span> <span class='ocrx_word' id='word_1_39' title='bbox 835 563 942 637; x_wconf 76' lang='grc' dir='ltr'>φονῇσι</span> 
     </span>
     <span class='ocr_line' id='line_1_7' title="bbox 142 645 941 722; baseline 0.001 -19"><span class='ocrx_word' id='word_1_40' title='bbox 142 645 246 709; x_wconf 86' lang='grc' dir='ltr'>ἐόντας·</span> <span class='ocrx_word' id='word_1_41' title='bbox 264 645 361 722; x_wconf 77' lang='grc' dir='ltr'>δρῶσα</span> <span class='ocrx_word' id='word_1_42' title='bbox 374 646 404 704; x_wconf 82' lang='grc' dir='ltr'>δὲ</span> <span class='ocrx_word' id='word_1_43' title='bbox 417 646 508 706; x_wconf 90' lang='grc' dir='ltr'>πάντα</span> <span class='ocrx_word' id='word_1_44' title='bbox 522 650 611 706; x_wconf 82' lang='grc' dir='ltr'>ἐκεῖνα</span> <span class='ocrx_word' id='word_1_45' title='bbox 624 647 755 706; x_wconf 80' lang='grc' dir='ltr'>διέποντα</span> <span class='ocrx_word' id='word_1_46' title='bbox 768 645 941 720; x_wconf 84' lang='grc' dir='ltr'>Παυσανίην,</span> 
     </span>
     <span class='ocr_line' id='line_1_8' title="bbox 142 731 940 809; baseline 0 -19"><span class='ocrx_word' id='word_1_47' title='bbox 142 732 278 809; x_wconf 85' lang='grc' dir='ltr'>πρότερόν</span> <span class='ocrx_word' id='word_1_48' title='bbox 286 757 321 792; x_wconf 87' lang='grc' dir='ltr'>τε</span> <span class='ocrx_word' id='word_1_49' title='bbox 333 733 367 793; x_wconf 81' lang='grc' dir='ltr'>τά</span> <span class='ocrx_word' id='word_1_50' title='bbox 380 731 484 809; x_wconf 87' lang='grc' dir='ltr'>οῦνομα</span> <span class='ocrx_word' id='word_1_51' title='bbox 498 733 699 809; x_wconf 80' lang='grc' dir='ltr'>ἐξεπισταμένη</span> <span class='ocrx_word' id='word_1_52' title='bbox 709 733 755 791; x_wconf 86' lang='grc' dir='ltr'>καὶ</span> <span class='ocrx_word' id='word_1_53' title='bbox 764 731 816 808; x_wconf 70' lang='grc' dir='ltr'>τὴν</span> <span class='ocrx_word' id='word_1_54' title='bbox 825 731 940 808; x_wconf 79' lang='grc' dir='ltr'>πάτρην,</span> 
     </span>
     <span class='ocr_line' id='line_1_9' title="bbox 143 818 941 900; baseline -0.003 -22"><span class='ocrx_word' id='word_1_55' title='bbox 143 818 216 878; x_wconf 80' lang='grc' dir='ltr'>ὥστε</span> <span class='ocrx_word' id='word_1_56' title='bbox 225 819 364 884; x_wconf 82' lang='grc' dir='ltr'>πολλάκις</span> <span class='ocrx_word' id='word_1_57' title='bbox 377 819 534 894; x_wconf 82' lang='grc' dir='ltr'>α’κοῦσασα,</span> <span class='ocrx_word' id='word_1_58' title='bbox 547 821 614 900; x_wconf 79' lang='grc' dir='ltr'>ἔγνω</span> <span class='ocrx_word' id='word_1_59' title='bbox 623 844 654 879; x_wconf 89' lang='grc' dir='ltr'>τε</span> <span class='ocrx_word' id='word_1_60' title='bbox 663 819 713 879; x_wconf 80' lang='grc' dir='ltr'>τάν</span> <span class='ocrx_word' id='word_1_61' title='bbox 722 818 887 894; x_wconf 87' lang='grc' dir='ltr'>Παυσανίην</span> <span class='ocrx_word' id='word_1_62' title='bbox 896 821 941 877; x_wconf 84' lang='grc' dir='ltr'>καὶ</span> 
     </span>
     <span class='ocr_line' id='line_1_10' title="bbox 143 905 939 987; baseline 0 -23"><span class='ocrx_word' id='word_1_63' title='bbox 143 908 290 983; x_wconf 86' lang='grc' dir='ltr'>λαβομένη</span> <span class='ocrx_word' id='word_1_64' title='bbox 310 909 365 966; x_wconf 86' lang='grc' dir='ltr'>τιῦν</span> <span class='ocrx_word' id='word_1_65' title='bbox 384 906 525 987; x_wconf 83' lang='grc' dir='ltr'>γουνάτων</span> <span class='ocrx_word' id='word_1_66' title='bbox 545 909 624 986; x_wconf 81' lang='grc' dir='ltr'>ἔλεγε</span> <span class='ocrx_word' id='word_1_67' title='bbox 643 905 718 965; x_wconf 89' lang='grc' dir='ltr'>τάδε·</span> <span class='ocrx_word' id='word_1_68' title='bbox 748 905 795 964; x_wconf 82' lang='grc' dir='ltr'>“ὦ</span> <span class='ocrx_word' id='word_1_69' title='bbox 814 907 939 981; x_wconf 88' lang='grc' dir='ltr'>βασιλεῦ</span> 
     </span>
     <span class='ocr_line' id='line_1_11' title="bbox 144 991 941 1071; baseline -0.003 -19"><span class='ocrx_word' id='word_1_70' title='bbox 144 993 283 1070; x_wconf 76' lang='grc' dir='ltr'>Σπάρτης,</span> <span class='ocrx_word' id='word_1_71' title='bbox 297 994 384 1070; x_wconf 84' lang='grc' dir='ltr'>ῥῦσαί</span> <span class='ocrx_word' id='word_1_72' title='bbox 394 1019 430 1069; x_wconf 89' lang='grc' dir='ltr'>με</span> <span class='ocrx_word' id='word_1_73' title='bbox 444 993 496 1068; x_wconf 73' lang='grc' dir='ltr'>την</span> <span class='ocrx_word' id='word_1_74' title='bbox 510 993 594 1053; x_wconf 85' lang='grc' dir='ltr'>ἱκέτιν</span> <span class='ocrx_word' id='word_1_75' title='bbox 612 993 792 1071; x_wconf 73' lang='grc' dir='ltr'>αἰχμαλώτου</span> <span class='ocrx_word' id='word_1_76' title='bbox 806 991 941 1051; x_wconf 79' lang='grc' dir='ltr'>δουλοσύ-</span> 
     </span>
     <span class='ocr_line' id='line_1_12' title="bbox 144 1077 942 1161; baseline -0.001 -19"><span class='ocrx_word' id='word_1_77' title='bbox 144 1105 201 1155; x_wconf 88' lang='grc' dir='ltr'>νης·</span> <span class='ocrx_word' id='word_1_78' title='bbox 229 1079 266 1139; x_wconf 87' lang='grc' dir='ltr'>σῦ</span> <span class='ocrx_word' id='word_1_79' title='bbox 282 1081 336 1161; x_wconf 82' lang='grc' dir='ltr'>γάρ</span> <span class='ocrx_word' id='word_1_80' title='bbox 355 1080 401 1139; x_wconf 86' lang='grc' dir='ltr'>καὶ</span> <span class='ocrx_word' id='word_1_81' title='bbox 419 1084 446 1143; x_wconf 86' lang='grc' dir='ltr'>ἐς</span> <span class='ocrx_word' id='word_1_82' title='bbox 463 1079 527 1140; x_wconf 83' lang='grc' dir='ltr'>τάδε</span> <span class='ocrx_word' id='word_1_83' title='bbox 546 1079 663 1156; x_wconf 81' lang='grc' dir='ltr'>ὤνησας,</span> <span class='ocrx_word' id='word_1_84' title='bbox 679 1079 781 1140; x_wconf 78' lang='grc' dir='ltr'>τούσδε</span> <span class='ocrx_word' id='word_1_85' title='bbox 796 1077 942 1141; x_wconf 77' lang='grc' dir='ltr'>ἀπολέσας</span> 
     </span>
     <span class='ocr_line' id='line_1_13' title="bbox 143 1165 941 1246; baseline 0.001 -21"><span class='ocrx_word' id='word_1_86' title='bbox 143 1165 208 1230; x_wconf 87' lang='grc' dir='ltr'>τοῦς</span> <span class='ocrx_word' id='word_1_87' title='bbox 221 1165 284 1226; x_wconf 84' lang='grc' dir='ltr'>οῦτε</span> <span class='ocrx_word' id='word_1_88' title='bbox 297 1167 432 1243; x_wconf 83' lang='grc' dir='ltr'>δαιμόνων</span> <span class='ocrx_word' id='word_1_89' title='bbox 447 1165 510 1227; x_wconf 82' lang='grc' dir='ltr'>οὔτε</span> <span class='ocrx_word' id='word_1_90' title='bbox 523 1168 593 1228; x_wconf 79' lang='grc' dir='ltr'>θεῶν</span> <span class='ocrx_word' id='word_1_91' title='bbox 606 1167 671 1226; x_wconf 82' lang='grc' dir='ltr'>ὄπιν</span> <span class='ocrx_word' id='word_1_92' title='bbox 683 1168 805 1246; x_wconf 78' lang='grc' dir='ltr'>ἔχοντας.</span> <span class='ocrx_word' id='word_1_93' title='bbox 843 1167 898 1243; x_wconf 84' lang='grc' dir='ltr'>εῖμὶ</span> <span class='ocrx_word' id='word_1_94' title='bbox 911 1167 941 1226; x_wconf 87' lang='grc' dir='ltr'>δέ</span> 
     </span>
     <span class='ocr_line' id='line_1_14' title="bbox 144 1253 940 1336; baseline 0 -23"><span class='ocrx_word' id='word_1_95' title='bbox 144 1254 224 1332; x_wconf 88' lang='grc' dir='ltr'>γένος</span> <span class='ocrx_word' id='word_1_96' title='bbox 240 1256 291 1331; x_wconf 83' lang='grc' dir='ltr'>μέν</span> <span class='ocrx_word' id='word_1_97' title='bbox 309 1255 385 1332; x_wconf 69' lang='grc' dir='ltr'>Κῴη,</span> <span class='ocrx_word' id='word_1_98' title='bbox 400 1254 523 1336; x_wconf 85' lang='grc' dir='ltr'>θυγάτηρ</span> <span class='ocrx_word' id='word_1_99' title='bbox 536 1255 567 1314; x_wconf 86' lang='grc' dir='ltr'>δέ</span> <span class='ocrx_word' id='word_1_100' title='bbox 579 1254 766 1334; x_wconf 84' lang='grc' dir='ltr'>Ἡγητορίδεω</span> <span class='ocrx_word' id='word_1_101' title='bbox 782 1257 832 1314; x_wconf 88' lang='grc' dir='ltr'>τοῦ</span> <span class='ocrx_word' id='word_1_102' title='bbox 844 1253 940 1314; x_wconf 86' lang='grc' dir='ltr'>Ἀντα-</span> 
     </span>
     <span class='ocr_line' id='line_1_15' title="bbox 144 1339 941 1420; baseline 0.003 -20"><span class='ocrx_word' id='word_1_103' title='bbox 144 1339 241 1420; x_wconf 85' lang='grc' dir='ltr'>γάρεω·</span> <span class='ocrx_word' id='word_1_104' title='bbox 262 1342 314 1419; x_wconf 84' lang='grc' dir='ltr'>βίῃ</span> <span class='ocrx_word' id='word_1_105' title='bbox 328 1341 360 1400; x_wconf 89' lang='grc' dir='ltr'>δέ</span> <span class='ocrx_word' id='word_1_106' title='bbox 369 1367 406 1418; x_wconf 89' lang='grc' dir='ltr'>με</span> <span class='ocrx_word' id='word_1_107' title='bbox 424 1343 524 1418; x_wconf 82' lang='grc' dir='ltr'>λαβιῦν</span> <span class='ocrx_word' id='word_1_108' title='bbox 538 1347 567 1401; x_wconf 89' lang='grc' dir='ltr'>ἐν</span> <span class='ocrx_word' id='word_1_109' title='bbox 580 1345 630 1419; x_wconf 80' lang='grc' dir='ltr'>Κῷ</span> <span class='ocrx_word' id='word_1_110' title='bbox 643 1341 701 1420; x_wconf 78' lang='grc' dir='ltr'>εἶχε</span> <span class='ocrx_word' id='word_1_111' title='bbox 714 1343 730 1400; x_wconf 81' lang='grc' dir='ltr'>ὁ</span> <span class='ocrx_word' id='word_1_112' title='bbox 744 1341 884 1419; x_wconf 83' lang='grc' dir='ltr'>Πέρσης.”</span> <span class='ocrx_word' id='word_1_113' title='bbox 924 1341 941 1402; x_wconf 82' lang='grc' dir='ltr'>ά</span> 
     </span>
     <span class='ocr_line' id='line_1_16' title="bbox 146 1427 940 1508; baseline 0.008 -23"><span class='ocrx_word' id='word_1_114' title='bbox 146 1427 175 1486; x_wconf 86' lang='grc' dir='ltr'>δέ</span> <span class='ocrx_word' id='word_1_115' title='bbox 188 1427 335 1504; x_wconf 76' lang='grc' dir='ltr'>ἀμείβεται</span> <span class='ocrx_word' id='word_1_116' title='bbox 352 1429 457 1488; x_wconf 79' lang='grc' dir='ltr'>τοῖσδε·</span> <span class='ocrx_word' id='word_1_117' title='bbox 479 1429 594 1508; x_wconf 86' lang='grc' dir='ltr'>“γάναι,</span> <span class='ocrx_word' id='word_1_118' title='bbox 609 1427 716 1505; x_wconf 88' lang='grc' dir='ltr'>θάρσει,</span> <span class='ocrx_word' id='word_1_119' title='bbox 735 1430 781 1488; x_wconf 87' lang='grc' dir='ltr'>καὶ</span> <span class='ocrx_word' id='word_1_120' title='bbox 797 1428 832 1491; x_wconf 79' lang='grc' dir='ltr'>ὦς</span> <span class='ocrx_word' id='word_1_121' title='bbox 851 1430 940 1500; x_wconf 80' lang='grc' dir='ltr'>ἱκέτις,</span> 
     </span>
     <span class='ocr_line' id='line_1_17' title="bbox 146 1514 941 1597; baseline 0.004 -25"><span class='ocrx_word' id='word_1_122' title='bbox 146 1515 192 1572; x_wconf 82' lang='grc' dir='ltr'>καὶ</span> <span class='ocrx_word' id='word_1_123' title='bbox 206 1519 229 1574; x_wconf 85' lang='grc' dir='ltr'>εἰ</span> <span class='ocrx_word' id='word_1_124' title='bbox 242 1515 276 1590; x_wconf 69' lang='grc' dir='ltr'>δη</span> <span class='ocrx_word' id='word_1_125' title='bbox 289 1515 359 1592; x_wconf 82' lang='grc' dir='ltr'>πρὸς</span> <span class='ocrx_word' id='word_1_126' title='bbox 372 1515 617 1596; x_wconf 75' lang='grc' dir='ltr'>τοῦτῳτυγχάνεις</span> <span class='ocrx_word' id='word_1_127' title='bbox 630 1514 738 1591; x_wconf 74' lang='grc' dir='ltr'>ἀληθέα</span> <span class='ocrx_word' id='word_1_128' title='bbox 746 1517 879 1597; x_wconf 83' lang='grc' dir='ltr'>λέγουσα,</span> <span class='ocrx_word' id='word_1_129' title='bbox 896 1517 941 1575; x_wconf 82' lang='grc' dir='ltr'>καὶ</span> 
     </span>
     <span class='ocr_line' id='line_1_18' title="bbox 146 1600 941 1684; baseline 0.005 -24"><span class='ocrx_word' id='word_1_130' title='bbox 146 1600 185 1664; x_wconf 76' lang='grc' dir='ltr'>είς</span> <span class='ocrx_word' id='word_1_131' title='bbox 201 1602 324 1683; x_wconf 86' lang='grc' dir='ltr'>θυγάτηρ</span> <span class='ocrx_word' id='word_1_132' title='bbox 344 1602 532 1684; x_wconf 84' lang='grc' dir='ltr'>Ἡγητορίδεω</span> <span class='ocrx_word' id='word_1_133' title='bbox 550 1607 600 1663; x_wconf 90' lang='grc' dir='ltr'>τοῦ</span> <span class='ocrx_word' id='word_1_134' title='bbox 618 1603 709 1682; x_wconf 77' lang='grc' dir='ltr'>Κῴου,</span> <span class='ocrx_word' id='word_1_135' title='bbox 725 1603 756 1666; x_wconf 81' lang='grc' dir='ltr'>ὃς</span> <span class='ocrx_word' id='word_1_136' title='bbox 774 1603 835 1679; x_wconf 85' lang='grc' dir='ltr'>ἐμοὶ</span> <span class='ocrx_word' id='word_1_137' title='bbox 854 1603 941 1672; x_wconf 81' lang='grc' dir='ltr'>ξεῖνος</span> 
     </span>
     <span class='ocr_line' id='line_1_19' title="bbox 144 1688 941 1771; baseline 0.011 -25"><span class='ocrx_word' id='word_1_138' title='bbox 144 1688 271 1765; x_wconf 84' lang='grc' dir='ltr'>μάλιστα</span> <span class='ocrx_word' id='word_1_139' title='bbox 283 1689 413 1771; x_wconf 87' lang='grc' dir='ltr'>τυγχάνει</span> <span class='ocrx_word' id='word_1_140' title='bbox 432 1691 482 1751; x_wconf 82' lang='grc' dir='ltr'>ἐών</span> <span class='ocrx_word' id='word_1_141' title='bbox 494 1694 549 1750; x_wconf 75' lang='grc' dir='ltr'>τῶν</span> <span class='ocrx_word' id='word_1_142' title='bbox 561 1691 625 1768; x_wconf 86' lang='grc' dir='ltr'>περὶ</span> <span class='ocrx_word' id='word_1_143' title='bbox 639 1692 743 1754; x_wconf 85' lang='grc' dir='ltr'>κείνους</span> <span class='ocrx_word' id='word_1_144' title='bbox 759 1689 823 1754; x_wconf 87' lang='grc' dir='ltr'>τοῦς</span> <span class='ocrx_word' id='word_1_145' title='bbox 835 1690 941 1770; x_wconf 76' lang='grc' dir='ltr'>χοίρους</span> 
     </span>
     <span class='ocr_line' id='line_1_20' title="bbox 146 1777 942 1855; baseline 0.005 -21"><span class='ocrx_word' id='word_1_146' title='bbox 146 1777 320 1854; x_wconf 79' lang='grc' dir='ltr'>οἰκημένων.”</span> <span class='ocrx_word' id='word_1_147' title='bbox 359 1782 447 1838; x_wconf 88' lang='grc' dir='ltr'>ταῦτα</span> <span class='ocrx_word' id='word_1_148' title='bbox 471 1778 557 1850; x_wconf 80' lang='grc' dir='ltr'>εἶπας,</span> <span class='ocrx_word' id='word_1_149' title='bbox 577 1777 642 1838; x_wconf 86' lang='grc' dir='ltr'>τότε</span> <span class='ocrx_word' id='word_1_150' title='bbox 662 1781 714 1854; x_wconf 85' lang='grc' dir='ltr'>μέν</span> <span class='ocrx_word' id='word_1_151' title='bbox 734 1779 867 1855; x_wconf 86' lang='grc' dir='ltr'>ἐπέτρεψε</span> <span class='ocrx_word' id='word_1_152' title='bbox 886 1783 942 1838; x_wconf 81' lang='grc' dir='ltr'>τιῦν</span> 
     </span>
     <span class='ocr_line' id='line_1_21' title="bbox 146 1864 942 1941; baseline 0.006 -19"><span class='ocrx_word' id='word_1_153' title='bbox 146 1864 254 1940; x_wconf 80' lang='grc' dir='ltr'>ἐφόρων</span> <span class='ocrx_word' id='word_1_154' title='bbox 275 1869 352 1924; x_wconf 83' lang='grc' dir='ltr'>τοῖσι</span> <span class='ocrx_word' id='word_1_155' title='bbox 373 1870 516 1940; x_wconf 72' lang='grc' dir='ltr'>παρεοῦσι,</span> <span class='ocrx_word' id='word_1_156' title='bbox 543 1864 661 1940; x_wconf 80' lang='grc' dir='ltr'>ὕστερον</span> <span class='ocrx_word' id='word_1_157' title='bbox 684 1865 713 1924; x_wconf 89' lang='grc' dir='ltr'>δέ</span> <span class='ocrx_word' id='word_1_158' title='bbox 740 1864 888 1941; x_wconf 82' lang='grc' dir='ltr'>ἀπέπεμψε</span> <span class='ocrx_word' id='word_1_159' title='bbox 915 1871 942 1929; x_wconf 88' lang='grc' dir='ltr'>ἐς</span> 
     </span>
     <span class='ocr_line' id='line_1_22' title="bbox 147 1949 727 2031; baseline 0 -22"><span class='ocrx_word' id='word_1_160' title='bbox 147 1952 271 2031; x_wconf 77' lang='grc' dir='ltr'>Αἴγιναν,</span> <span class='ocrx_word' id='word_1_161' title='bbox 286 1956 313 2013; x_wconf 85' lang='grc' dir='ltr'>ἐς</span> <span class='ocrx_word' id='word_1_162' title='bbox 325 1951 377 2026; x_wconf 75' lang='grc' dir='ltr'>τὴν</span> <span class='ocrx_word' id='word_1_163' title='bbox 390 1951 459 2025; x_wconf 74' lang='grc' dir='ltr'>αὕτη</span> <span class='ocrx_word' id='word_1_164' title='bbox 469 1950 554 2025; x_wconf 85' lang='grc' dir='ltr'>ἤθελε</span> <span class='ocrx_word' id='word_1_165' title='bbox 568 1949 727 2009; x_wconf 80' lang='grc' dir='ltr'>ἀπικέσθαι.</span> 
     </span>
    </p>

    <p class='ocr_par' dir='ltr' id='par_1_2' title="bbox 145 2035 988 3162">
     <span class='ocr_line' id='line_1_23' title="bbox 187 2035 988 2116; baseline 0 -20"><span class='ocrx_word' id='word_1_166' title='bbox 187 2037 269 2096; x_wconf 81' lang='grc' dir='ltr'>Μετά</span> <span class='ocrx_word' id='word_1_167' title='bbox 289 2037 318 2096; x_wconf 86' lang='grc' dir='ltr'>δέ</span> <span class='ocrx_word' id='word_1_168' title='bbox 341 2036 392 2112; x_wconf 73' lang='grc' dir='ltr'>την</span> <span class='ocrx_word' id='word_1_169' title='bbox 412 2036 506 2106; x_wconf 79' lang='grc' dir='ltr'>ἄπιξιν</span> <span class='ocrx_word' id='word_1_170' title='bbox 526 2040 577 2112; x_wconf 73' lang='grc' dir='ltr'>τῆς</span> <span class='ocrx_word' id='word_1_171' title='bbox 598 2036 734 2116; x_wconf 80' lang='grc' dir='ltr'>γυναικὸς,</span> <span class='ocrx_word' id='word_1_172' title='bbox 754 2035 852 2096; x_wconf 83' lang='grc' dir='ltr'>αῦτίκα</span> <span class='ocrx_word' id='word_1_173' title='bbox 870 2037 941 2114; x_wconf 80' lang='grc' dir='ltr'>μετά</span> <span class='ocrx_word' id='word_1_174' title='bbox 951 2039 988 2100; x_wconf 83' lang='grc'>77</span> 
     </span>
     <span class='ocr_line' id='line_1_24' title="bbox 146 2122 941 2203; baseline -0.001 -20"><span class='ocrx_word' id='word_1_175' title='bbox 146 2128 233 2184; x_wconf 85' lang='grc' dir='ltr'>ταῦτα</span> <span class='ocrx_word' id='word_1_176' title='bbox 249 2123 382 2184; x_wconf 85' lang='grc' dir='ltr'>άπίκοντο</span> <span class='ocrx_word' id='word_1_177' title='bbox 400 2125 551 2186; x_wconf 86' lang='grc' dir='ltr'>Μαντινέες</span> <span class='ocrx_word' id='word_1_178' title='bbox 570 2122 611 2182; x_wconf 85' lang='grc' dir='ltr'>ἐπ’</span> <span class='ocrx_word' id='word_1_179' title='bbox 630 2123 870 2203; x_wconf 82' lang='grc' dir='ltr'>ἐξεργασμένοισι·</span> <span class='ocrx_word' id='word_1_180' title='bbox 889 2149 941 2201; x_wconf 91' lang='grc' dir='ltr'>μα-</span> 
     </span>
     <span class='ocr_line' id='line_1_25' title="bbox 146 2210 941 2288; baseline 0 -17"><span class='ocrx_word' id='word_1_181' title='bbox 146 2211 240 2276; x_wconf 87' lang='grc' dir='ltr'>θόντες</span> <span class='ocrx_word' id='word_1_182' title='bbox 260 2212 290 2271; x_wconf 79' lang='grc' dir='ltr'>δὲ</span> <span class='ocrx_word' id='word_1_183' title='bbox 310 2210 353 2272; x_wconf 85' lang='grc' dir='ltr'>ὅτι</span> <span class='ocrx_word' id='word_1_184' title='bbox 372 2211 485 2288; x_wconf 79' lang='grc' dir='ltr'>ὕστεροι</span> <span class='ocrx_word' id='word_1_185' title='bbox 504 2210 605 2286; x_wconf 83' lang='grc' dir='ltr'>ἥκουσι</span> <span class='ocrx_word' id='word_1_186' title='bbox 624 2214 674 2286; x_wconf 84' lang='grc' dir='ltr'>τῆς</span> <span class='ocrx_word' id='word_1_187' title='bbox 692 2213 852 2288; x_wconf 82' lang='grc' dir='ltr'>συμβολῆς,</span> <span class='ocrx_word' id='word_1_188' title='bbox 871 2238 941 2288; x_wconf 90' lang='grc' dir='ltr'>συμ-</span> 
     </span>
     <span class='ocr_line' id='line_1_26' title="bbox 146 2297 943 2380; baseline 0 -22"><span class='ocrx_word' id='word_1_189' title='bbox 146 2299 238 2377; x_wconf 75' lang='grc' dir='ltr'>φορήν</span> <span class='ocrx_word' id='word_1_190' title='bbox 265 2302 405 2360; x_wconf 82' lang='grc' dir='ltr'>ἐποιεῦντο</span> <span class='ocrx_word' id='word_1_191' title='bbox 426 2298 562 2380; x_wconf 88' lang='grc' dir='ltr'>μεγάλην,</span> <span class='ocrx_word' id='word_1_192' title='bbox 586 2297 662 2368; x_wconf 74' lang='grc' dir='ltr'>ἄξιοί</span> <span class='ocrx_word' id='word_1_193' title='bbox 681 2324 712 2358; x_wconf 90' lang='grc' dir='ltr'>τε</span> <span class='ocrx_word' id='word_1_194' title='bbox 740 2299 850 2373; x_wconf 80' lang='grc' dir='ltr'>ἔφασαν</span> <span class='ocrx_word' id='word_1_195' title='bbox 874 2299 943 2359; x_wconf 81' lang='grc' dir='ltr'>εἶναι</span> 
     </span>
     <span class='ocr_line' id='line_1_27' title="bbox 146 2384 943 2465; baseline -0.001 -18"><span class='ocrx_word' id='word_1_196' title='bbox 146 2389 239 2463; x_wconf 82' lang='grc' dir='ltr'>σφέας</span> <span class='ocrx_word' id='word_1_197' title='bbox 252 2389 399 2465; x_wconf 81' lang='grc' dir='ltr'>ζημιῶσαι·</span> <span class='ocrx_word' id='word_1_198' title='bbox 419 2385 621 2462; x_wconf 87' lang='grc' dir='ltr'>πυνθανόμενοι</span> <span class='ocrx_word' id='word_1_199' title='bbox 633 2385 663 2444; x_wconf 83' lang='grc' dir='ltr'>δέ</span> <span class='ocrx_word' id='word_1_200' title='bbox 675 2384 740 2448; x_wconf 85' lang='grc' dir='ltr'>’τοῦς</span> <span class='ocrx_word' id='word_1_201' title='bbox 752 2384 867 2460; x_wconf 86' lang='grc' dir='ltr'>Μήδους</span> <span class='ocrx_word' id='word_1_202' title='bbox 879 2386 943 2450; x_wconf 84' lang='grc' dir='ltr'>τοῦς</span> 
     </span>
     <span class='ocr_line' id='line_1_28' title="bbox 145 2472 944 2554; baseline 0 -20"><span class='ocrx_word' id='word_1_203' title='bbox 145 2477 216 2551; x_wconf 81' lang='grc' dir='ltr'>μετά</span> <span class='ocrx_word' id='word_1_204' title='bbox 228 2474 405 2551; x_wconf 85' lang='grc' dir='ltr'>Ἀρταβάζου</span> <span class='ocrx_word' id='word_1_205' title='bbox 424 2473 587 2554; x_wconf 76' lang='grc' dir='ltr'>φεύγοντας,</span> <span class='ocrx_word' id='word_1_206' title='bbox 601 2472 714 2536; x_wconf 74' lang='grc' dir='ltr'>τούτους</span> <span class='ocrx_word' id='word_1_207' title='bbox 732 2472 842 2532; x_wconf 87' lang='grc' dir='ltr'>ἐδίωκον</span> <span class='ocrx_word' id='word_1_208' title='bbox 859 2474 944 2552; x_wconf 89' lang='grc' dir='ltr'>μέχρι</span> 
     </span>
     <span class='ocr_line' id='line_1_29' title="bbox 145 2555 944 2642; baseline 0.006 -22"><span class='ocrx_word' id='word_1_209' title='bbox 145 2564 318 2638; x_wconf 83' lang='grc' dir='ltr'>Θεσσαλίης·</span> <span class='ocrx_word' id='word_1_210' title='bbox 346 2559 571 2642; x_wconf 85' lang='grc' dir='ltr'>(Λακεδαιμόνιοι</span> <span class='ocrx_word' id='word_1_211' title='bbox 593 2560 623 2620; x_wconf 83' lang='grc' dir='ltr'>δὲ</span> <span class='ocrx_word' id='word_1_212' title='bbox 644 2559 694 2620; x_wconf 81' lang='grc' dir='ltr'>οῦκ</span> <span class='ocrx_word' id='word_1_213' title='bbox 718 2559 768 2620; x_wconf 76' lang='grc' dir='ltr'>ἔων</span> <span class='ocrx_word' id='word_1_214' title='bbox 789 2555 944 2642; x_wconf 67' lang='grc' dir='ltr'>φεύγοντας</span> 
     </span>
     <span class='ocr_line' id='line_1_30' title="bbox 145 2641 943 2729; baseline 0.005 -22"><span class='ocrx_word' id='word_1_215' title='bbox 145 2648 273 2729; x_wconf 72' lang='grc' dir='ltr'>διώκειν’)</span> <span class='ocrx_word' id='word_1_216' title='bbox 295 2649 363 2708; x_wconf 81' lang='grc' dir='ltr'>οἶδὲ</span> <span class='ocrx_word' id='word_1_217' title='bbox 377 2641 607 2728; x_wconf 77' lang='grc' dir='ltr'>ἀναχωρήσαντες</span> <span class='ocrx_word' id='word_1_218' title='bbox 624 2653 652 2712; x_wconf 82' lang='grc' dir='ltr'>ἐς</span> <span class='ocrx_word' id='word_1_219' title='bbox 668 2647 722 2723; x_wconf 75' lang='grc' dir='ltr'>τήν</span> <span class='ocrx_word' id='word_1_220' title='bbox 743 2651 856 2718; x_wconf 79' lang='grc' dir='ltr'>ἐωυτιῦν,</span> <span class='ocrx_word' id='word_1_221' title='bbox 878 2650 943 2712; x_wconf 86' lang='grc' dir='ltr'>τοῦς</span> 
     </span>
     <span class='ocr_line' id='line_1_31' title="bbox 145 2735 944 2816; baseline 0 -23"><span class='ocrx_word' id='word_1_222' title='bbox 145 2735 284 2816; x_wconf 84' lang='grc' dir='ltr'>ἡγεμόνας</span> <span class='ocrx_word' id='word_1_223' title='bbox 300 2740 350 2812; x_wconf 83' lang='grc' dir='ltr'>τῆς</span> <span class='ocrx_word' id='word_1_224' title='bbox 366 2740 499 2812; x_wconf 83' lang='grc' dir='ltr'>στρατιῆς</span> <span class='ocrx_word' id='word_1_225' title='bbox 510 2736 626 2805; x_wconf 74' lang='grc' dir='ltr'>,ἐδίωξαν</span> <span class='ocrx_word' id='word_1_226' title='bbox 646 2739 676 2794; x_wconf 90' lang='grc' dir='ltr'>ἐκ</span> <span class='ocrx_word' id='word_1_227' title='bbox 689 2739 739 2811; x_wconf 76' lang='grc' dir='ltr'>τῆς</span> <span class='ocrx_word' id='word_1_228' title='bbox 751 2738 813 2816; x_wconf 74' lang='grc' dir='ltr'>γῆς.</span> <span class='ocrx_word' id='word_1_229' title='bbox 826 2735 899 2812; x_wconf 82' lang='grc' dir='ltr'>μετά</span> <span class='ocrx_word' id='word_1_230' title='bbox 914 2736 944 2794; x_wconf 84' lang='grc' dir='ltr'>δὲ</span> 
     </span>
     <span class='ocr_line' id='line_1_32' title="bbox 145 2821 944 2898; baseline -0.001 -16"><span class='ocrx_word' id='word_1_231' title='bbox 145 2823 302 2885; x_wconf 87' lang='grc' dir='ltr'>Μαντινέας</span> <span class='ocrx_word' id='word_1_232' title='bbox 308 2821 377 2898; x_wconf 84' lang='grc' dir='ltr'>ἧκον</span> <span class='ocrx_word' id='word_1_233' title='bbox 386 2823 505 2882; x_wconf 79' lang='grc' dir='ltr'>Ἠλεῖοι·</span> <span class='ocrx_word' id='word_1_234' title='bbox 519 2824 564 2882; x_wconf 84' lang='grc' dir='ltr'>καὶ</span> <span class='ocrx_word' id='word_1_235' title='bbox 575 2823 704 2886; x_wconf 79' lang='grc' dir='ltr'>ὥσαάτως</span> <span class='ocrx_word' id='word_1_236' title='bbox 715 2825 741 2882; x_wconf 83' lang='grc' dir='ltr'>οἱ</span> <span class='ocrx_word' id='word_1_237' title='bbox 749 2821 859 2882; x_wconf 85' lang='grc' dir='ltr'>Ἠλεῖοι</span> <span class='ocrx_word' id='word_1_238' title='bbox 868 2826 944 2882; x_wconf 82' lang='grc' dir='ltr'>τοῖσι</span> 
     </span>
     <span class='ocr_line' id='line_1_33' title="bbox 145 2909 943 2986; baseline -0.001 -16"><span class='ocrx_word' id='word_1_239' title='bbox 145 2913 317 2971; x_wconf 80' lang='grc' dir='ltr'>Μαντινεῦσι</span> <span class='ocrx_word' id='word_1_240' title='bbox 337 2909 489 2986; x_wconf 75' lang='grc' dir='ltr'>συμφορὴν</span> <span class='ocrx_word' id='word_1_241' title='bbox 504 2910 690 2986; x_wconf 89' lang='grc' dir='ltr'>ποιησάμενοι</span> <span class='ocrx_word' id='word_1_242' title='bbox 709 2909 943 2969; x_wconf 76' lang='grc' dir='ltr'>ἀπαλλάσσοντο·</span> 
     </span>
     <span class='ocr_line' id='line_1_34' title="bbox 145 2993 944 3076; baseline -0.004 -18"><span class='ocrx_word' id='word_1_243' title='bbox 145 2996 315 3060; x_wconf 85' lang='grc' dir='ltr'>άπελθάντες</span> <span class='ocrx_word' id='word_1_244' title='bbox 325 2997 355 3056; x_wconf 87' lang='grc' dir='ltr'>δέ</span> <span class='ocrx_word' id='word_1_245' title='bbox 368 2998 414 3055; x_wconf 91' lang='grc' dir='ltr'>καὶ</span> <span class='ocrx_word' id='word_1_246' title='bbox 428 2993 505 3056; x_wconf 81' lang='grc' dir='ltr'>οὗτοι</span> <span class='ocrx_word' id='word_1_247' title='bbox 516 2996 581 3076; x_wconf 80' lang='grc' dir='ltr'>τοῦς</span> <span class='ocrx_word' id='word_1_248' title='bbox 589 2995 728 3076; x_wconf 78' lang='grc' dir='ltr'>ἡγεμόνας</span> <span class='ocrx_word' id='word_1_249' title='bbox 746 2995 867 3065; x_wconf 75' lang='grc' dir='ltr'>ἐδάιξαν.</span> <span class='ocrx_word' id='word_1_250' title='bbox 908 2995 944 3055; x_wconf 78' lang='grc' dir='ltr'>τά</span> 
     </span>
     <span class='ocr_line' id='line_1_35' title="bbox 146 3084 797 3162; baseline -0.005 -17"><span class='ocrx_word' id='word_1_251' title='bbox 146 3084 216 3145; x_wconf 81' lang='grc' dir='ltr'>κατά</span> <span class='ocrx_word' id='word_1_252' title='bbox 229 3085 386 3148; x_wconf 87' lang='grc' dir='ltr'>Μαντινέας</span> <span class='ocrx_word' id='word_1_253' title='bbox 398 3086 450 3162; x_wconf 75' lang='grc' dir='ltr'>μὲν</span> <span class='ocrx_word' id='word_1_254' title='bbox 463 3084 509 3142; x_wconf 82' lang='grc' dir='ltr'>καὶ</span> <span class='ocrx_word' id='word_1_255' title='bbox 521 3085 651 3148; x_wconf 86' lang='grc' dir='ltr'>Ἠλείους</span> <span class='ocrx_word' id='word_1_256' title='bbox 663 3086 797 3144; x_wconf 87' lang='grc' dir='ltr'>τοσαῦτα.</span> 
     </span>
    </p>

    <p class='ocr_par' dir='ltr' id='par_1_3' title="bbox 144 3171 992 3393">
     <span class='ocr_line' id='line_1_36' title="bbox 183 3171 992 3253; baseline -0.001 -19"><span class='ocrx_word' id='word_1_257' title='bbox 183 3171 233 3234; x_wconf 81' lang='grc' dir='ltr'>Ἐν</span> <span class='ocrx_word' id='word_1_258' title='bbox 246 3173 276 3233; x_wconf 87' lang='grc' dir='ltr'>δέ</span> <span class='ocrx_word' id='word_1_259' title='bbox 289 3176 455 3252; x_wconf 78' lang='grc' dir='ltr'>Πλαταιῇσι</span> <span class='ocrx_word' id='word_1_260' title='bbox 468 3177 497 3232; x_wconf 90' lang='grc' dir='ltr'>ἐν</span> <span class='ocrx_word' id='word_1_261' title='bbox 512 3176 551 3252; x_wconf 79' lang='grc' dir='ltr'>τῷ</span> <span class='ocrx_word' id='word_1_262' title='bbox 568 3172 748 3251; x_wconf 76' lang='grc' dir='ltr'>στρατοπέδῳ</span> <span class='ocrx_word' id='word_1_263' title='bbox 765 3175 821 3232; x_wconf 77' lang='grc' dir='ltr'>τῶν</span> <span class='ocrx_word' id='word_1_264' title='bbox 834 3175 944 3253; x_wconf 83' lang='grc' dir='ltr'>Αἰγινη</span> <span class='ocrx_word' id='word_1_265' title='bbox 954 3175 992 3233; x_wconf 87' lang='grc'>78</span> 
     </span>
     <span class='ocr_line' id='line_1_37' title="bbox 144 3257 945 3341; baseline 0 -19"><span class='ocrx_word' id='word_1_266' title='bbox 144 3263 212 3323; x_wconf 86' lang='grc' dir='ltr'>τέων</span> <span class='ocrx_word' id='word_1_267' title='bbox 224 3261 259 3338; x_wconf 81' lang='grc' dir='ltr'>ἦν</span> <span class='ocrx_word' id='word_1_268' title='bbox 273 3261 399 3341; x_wconf 88' lang='grc' dir='ltr'>Λάμπων</span> <span class='ocrx_word' id='word_1_269' title='bbox 412 3260 427 3321; x_wconf 84' lang='grc' dir='ltr'>ὁ</span> <span class='ocrx_word' id='word_1_270' title='bbox 442 3259 551 3332; x_wconf 75' lang='grc' dir='ltr'>Πύθεω,</span> <span class='ocrx_word' id='word_1_271' title='bbox 565 3260 733 3341; x_wconf 82' lang='grc' dir='ltr'>Αἰγινητέων</span> <span class='ocrx_word' id='word_1_272' title='bbox 746 3257 782 3320; x_wconf 78' lang='grc' dir='ltr'>τά</span> <span class='ocrx_word' id='word_1_273' title='bbox 795 3263 900 3338; x_wconf 82' lang='grc' dir='ltr'>πριῦτα,</span> <span class='ocrx_word' id='word_1_274' title='bbox 914 3259 945 3325; x_wconf 77' lang='grc' dir='ltr'>ὃς</span> 
     </span>
     <span class='ocr_line' id='line_1_38' title="bbox 154 3343 253 3393; baseline 0 -1"><span class='ocrx_word' id='word_1_275' title='bbox 154 3343 253 3393; x_wconf 76' lang='grc' dir='ltr'>ῙῘ.-25</span> 
     </span>
    </p>
   </div>
   <div class='ocr_carea' id='block_1_2' title="bbox 0 0 1126 3424">
    <p class='ocr_par' dir='ltr' id='par_1_4' title="bbox 0 0 1126 3424">
     <span class='ocr_line' id='line_1_39' title="bbox 0 0 1126 3424; baseline 0 0"><span class='ocrx_word' id='word_1_276' title='bbox 0 0 1126 3424; x_wconf 95' lang='lat' dir='ltr'> </span> 
     </span>
    </p>
   </div>
  </div>
 </body>
</html>
