2204 3430
152 109 166 156 ι
462 107 647 158 Ἤτοιουου
905 111 950 175 [ν.

113 211 116 216 ·
153 189 263 258 πόλιας,
277 188 377 248 αὐτίκα
395 187 642 252 διασκεδασθέντες
660 187 719 248 κατ’
738 189 854 252 ἑωυτούς
870 190 950 251 ἔκασ-

151 297 195 335 τοι
211 275 371 353 ἐτράποντο,
387 276 432 334 καὶ
451 275 638 354 παρεδιδοσαν
654 276 746 352 σφέας
761 275 861 340 αύτούς
876 281 953 338 τοῖσι

152 365 296 442 Πέρσῃσι·
325 362 396 423 οὕτω
423 363 457 439 δὴ
482 362 611 424 Παιόνων
643 363 823 440 Σιροπαίονές
849 390 880 424 τε
906 367 952 424 καί

152 451 300 512 Παιόπλαι
320 452 366 510 καὶ
386 453 413 511 οἰ
435 478 520 530 μεχρι
538 455 589 527 τῆς
609 451 773 528 Πρασιάδος
792 453 901 528 λίμνης,
922 455 953 524 ἐξ

104 539 242 615 16ἦθέων
260 539 467 609 ἐξαναστάντες,
481 565 583 621 ηγοντο
602 544 629 602 ἐς
645 539 697 615 τήν
715 538 824 614 Ἀσίην.
869 543 906 599 Οἰ
922 541 951 600 δὲ

151 628 215 704 περὶ
227 627 260 688 τό
275 628 423 710 Πάγγαιον
436 627 517 706 οὖρος
533 629 578 686 καί
592 627 727 704 Δόβηρας
745 627 790 685 καὶ
803 625 952 708 Ἀγριᾶνας

152 715 394 793 καὶὈδομάντους
404 715 449 774 καί
459 713 546 791 αύτήν
555 715 607 790 τήν
617 715 719 791 λίμνην
728 714 780 790 την
790 715 950 792 Πρασιάδα,

151 803 201 862 ούκ
220 804 408 883 ἐχειρώθησαν
420 803 511 882 ἅρχην
524 803 579 862 υπό
592 801 777 883 Μεγαβάζου.
820 803 950 880 ἐπειρήθη

150 891 180 951 δέ
194 892 239 952 καί
252 891 317 956 τούς
330 897 359 953 ἐν
371 895 408 970 τῇ
417 893 503 970 λίμνη
514 891 653 968 ἐξαιρέειν,
668 887 719 948 ώδε
728 892 949 968 κατοικημένους·

150 981 223 1058 ἰκρία
238 980 283 1040 ἐπὶ
296 984 423 1057 σταυρῶν
432 979 548 1058 ύψηλῶν
559 979 707 1058 ἐζευγμένα
721 981 750 1036 ἐν
762 978 838 1058 μέση
850 979 950 1054 ἔστηκε

150 1071 187 1146 τῇ
200 1068 294 1147 λίμνῃ,
307 1067 405 1128 ἔσοδον
419 1072 448 1126 ἐκ
462 1070 513 1142 τῆς
525 1065 641 1142 ἠπείρου
655 1065 767 1140 στεινήν
787 1066 886 1144 ἔχοντα
898 1071 950 1146 μιῇ

149 1156 269 1236 γεφύρῃ·
296 1155 360 1219 τούς
381 1156 410 1214 δέ
430 1153 568 1232 σταυροιίς
591 1153 656 1217 τούς
678 1152 854 1216 ύπεστεῶτας
873 1158 950 1214 τοῖσι

151 1245 264 1320 ἰκρίοισι
280 1242 313 1303 τό
326 1243 378 1320 μέν
392 1268 441 1302 κου
454 1241 572 1319 άρχαῖον
582 1242 708 1316 ἔστησαν
721 1245 800 1320 κοινῇ
809 1239 910 1305 πάντες
924 1247 950 1301 οἱ

148 1334 292 1406 πολιῆται·
318 1329 390 1406 μετά
410 1329 447 1398 δέ,
464 1327 539 1408 νόμῳ
553 1328 705 1406 χρεώμενοι
726 1331 824 1388 ἱστᾶσι
845 1330 949 1408 τοιῷδε·

150 1420 308 1496 κομίζοντες
318 1417 348 1487 ἐξ
361 1417 456 1494 οὔρεος
469 1420 507 1496 τῷ
520 1414 624 1494 οὔνομά
637 1421 699 1476 ἐστι
707 1415 865 1494 Ὄρβηλος,
879 1418 950 1477 κατά

148 1509 266 1586 γυναῖκα
280 1504 401 1581 ἐκάστην
413 1503 429 1563 ό
442 1506 552 1586 γαμέων
564 1507 638 1582 τρεῖς
651 1503 789 1582 σταυρούς
801 1503 948 1582 ύπίστησι·

148 1590 246 1673 ἄγεται
260 1593 290 1652 δέ
304 1594 421 1656 ἐκαστος
434 1591 541 1672 συχνός
559 1596 698 1674 γυναῖκας.
721 1595 828 1652 οἰκεῦσι
846 1593 876 1652 δέ
893 1619 949 1653 τοι·

148 1684 232 1740 οῦτον
240 1680 355 1758 τρόπον,
367 1679 487 1757 κρατέων
501 1680 619 1744 ἕκαστος
633 1681 746 1741 ἐπὶτῶν
760 1681 852 1758 ἰκρίων
865 1680 949 1740 καλύ-

148 1767 206 1843 βης
216 1793 247 1827 τε
257 1772 286 1828 ἐν
298 1765 318 1848 ᾗ
332 1769 477 1842 διαιτᾶται,
493 1768 539 1827 καὶ
553 1767 637 1846 θύρης
649 1772 827 1843 καταπακτῆς
837 1768 882 1827 διά
894 1773 949 1829 τῶν

148 1856 241 1931 ἰκρίων
262 1855 335 1917 κάτω
355 1855 498 1933 φερούσης
515 1859 543 1919 ἐς
559 1855 612 1933 τὴν
632 1857 743 1934 λίμνην·
767 1854 803 1916 τά
820 1856 850 1915 δὲ
863 1856 948 1932 νήπια

148 1943 245 2002 παιδία
267 1943 363 2005 δέουσι
382 1947 432 2004 τοῦ
453 1943 538 2008 ποδός
554 1943 679 2024 σπάρτῳ,
694 1942 735 2020 μὴ
754 1945 948 2022 κατακυλισθῇ

148 2029 342 2108 δειμαίνοντες·
378 2034 456 2092 τοῖσι
477 2031 506 2092 δὲ
527 2031 640 2092 ἵπποισι
661 2033 707 2091 καὶ
724 2034 801 2091 τοῖσι
818 2031 958 2116 ύποζυγί-,

147 2144 205 2178 οισι
221 2120 378 2202 παρέχουσι
393 2119 496 2198 χόρτον
518 2120 605 2197 ἰχθῦς·
634 2123 689 2180 τῶν
708 2119 738 2178 δέ
758 2119 868 2196 πλῆθός
886 2125 948 2181 ἐστι

145 2210 292 2277 τοσοῦτον,
320 2205 393 2266 ὥστε
416 2205 484 2266 ὅταν
509 2205 561 2282 τόν
588 2205 675 2283 θύρην
695 2207 747 2282 την
768 2207 948 2284 καταπακτὴν

148 2291 292 2371 ἀνακλίνῃ,
320 2292 408 2353 κατίει
439 2318 545 2372 σχοινῳ
571 2294 694 2370 σπυρίδα
724 2293 816 2369 κεινὴν
843 2299 871 2358 ἐς
895 2296 948 2372 τήν
997 2301 998 2304 ’

148 2381 259 2458 λίμνην,
274 2381 320 2440 καὶ
333 2379 365 2441 ού
379 2383 491 2441 πολλον
503 2406 566 2440 τινα
575 2406 678 2460 χρονον
688 2379 821 2462 ἐπισχών,
831 2381 947 2462 ἀνασπᾷ

144 2468 257 2546 πλήρεα
283 2468 394 2549 ἰχθύων.
435 2471 490 2529 τῶν
514 2468 544 2528 δέ
567 2467 668 2548 ἰχθύων
691 2466 766 2530 ἐστ’
777 2470 860 2551 γένεα
888 2470 945 2541 δύο,

145 2557 210 2621 τούς
226 2557 361 2618 καλέουσι
377 2554 526 2634 πάπρακάς
540 2583 572 2618 τε
588 2557 634 2616 καὶ
646 2557 775 2622 τίλωνας.
818 2557 945 2620 Παιόνων

144 2647 196 2723 μὲν
209 2646 243 2723 δή
258 2649 285 2705 οἰ
296 2645 473 2725 χειρωθέντες
485 2643 588 2728 ἤγοντο
602 2650 630 2710 ἐς
642 2645 694 2724 τὴν
706 2644 817 2723 Ἀσίην.

98 2731 134 2794 17
188 2732 361 2816 Μεγάβαζος
394 2732 424 2793 δὲ
458 2732 494 2797 ώς
521 2732 692 2814 ἐχειρώσατο
721 2734 787 2800 τούς
813 2735 944 2807 Παίονας,

145 2823 250 2901 πέμπει
258 2821 396 2905 ἀγγέλους
407 2827 435 2887 ἐς
444 2821 621 2900 Μακεδονίην
631 2821 731 2902 ἄνδρας
741 2821 812 2884 ἑπτά
822 2824 944 2901 Πέρσας,

146 2910 174 2972 οἰ
184 2911 245 2990 μετ’
259 2910 344 2973 αὐτόν
361 2914 450 2973 κεῖνον
468 2910 544 2989 ἦσαν
562 2911 746 2991 δοκιμώτατοι
763 2918 791 2974 ἐν
808 2915 847 2992 τῷ
861 2937 944 2991 στρα-

142 3001 259 3082 τοπέδιρ·
281 3000 438 3078 ἐπέμποντο
451 3000 482 3061 δέ
495 2998 572 3066 οὗτοι
585 3000 650 3080 παρ’
663 3001 803 3081 Ἀμύντην
816 3000 943 3086 αἰτήσον-

142 3113 187 3153 τες
199 3093 253 3172 γῆν
265 3115 297 3150 τε
310 3090 356 3152 καὶ
366 3088 437 3168 ὕδωρ
451 3089 561 3171 Δαρείῳ
573 3091 701 3168 βασιλέί
735 3093 796 3152 ἐστι
809 3090 839 3150 δὲ
853 3095 883 3150 ἐκ
896 3091 946 3165 τῆς

144 3178 307 3253 Πρασιάδος
329 3179 431 3258 λίμνης
450 3175 589 3258 σύντομος
613 3179 702 3258 κάρτα
725 3185 754 3244 ἐς
775 3177 828 3254 τὴν
849 3182 945 3237 Μακε-

144 3260 244 3340 δονίην·
283 3271 381 3345 πρώτα
412 3269 465 3344 μέν
491 3267 547 3346 γάρ
581 3267 673 3346 ἔχεται
699 3271 750 3346 τῆς
775 3267 878 3342 λίμνης
910 3263 962 3327 τό,
