2240 3424
126 101 293 166 1ιαμ-ιιι]
457 100 645 151 mmmm.
903 102 947 147 331

152 177 331 254 ἐποιήσαντο,
355 180 437 240 πίστι
456 205 487 238 τε
514 177 724 255 καταλαβόντες
749 177 795 238 καὶ
822 176 951 255 ὁρκίοισι,

153 266 280 342 ἐμμένειν
292 292 324 325 τε
337 267 383 326 καὶ
395 265 437 343 μή
450 265 679 342 ἀποστήσεσθαι·
698 265 814 330 τούτους
826 265 856 325 δέ
870 290 952 324 κατα-

153 352 291 428 λαβόντες
311 352 439 429 ὁρκίοισι,
468 354 568 413 ἔπλεον
590 353 641 417 τὰς
662 353 786 434 γεφύρας
808 352 952 417 λύσοντες·

154 440 193 500 ἐτι
215 441 270 520 γάρ
298 440 407 500 ἐδόκεον
427 441 606 518 ἐντεταμένας
629 439 766 518 εὖρήσειν.
807 437 884 501 οὗτοι
902 441 955 517 μέν

153 527 187 602 δὴ
202 526 243 586 ἐπ’
255 527 473 603 Ἑλλησπόντου
485 529 595 589 ἔπλεον.

193 618 255 674 'Nm
273 614 303 673 δέ
318 614 521 695 ἀποφυγόντων
538 614 695 693 βαρβάρων
711 618 739 679 ἐς
757 614 793 676 τά
812 614 883 693 ἄκρα
902 641 933 676 τε
943 615 1000 676 107

153 705 204 777 τῆς
230 701 369 777 Μυκάλης
392 701 620 777 κατειληθέντων,
645 701 744 762 ἐόντων
770 702 803 763 αὖ
829 707 953 773 πολλῶν,

155 789 260 869 ἐγίνετο
273 787 372 865 κομιδῆ
387 793 414 851 ἐς
432 788 542 865 Σάρδις·
561 790 753 865 πορευομένων
765 789 803 859 δέ,
817 789 875 849 κατ’
889 789 954 868 ὀδόν

155 876 309 951 Μασίστης
322 873 338 934 ό
353 876 474 952 Δαρείου
491 874 659 954 παρατυχόν
671 879 710 952 τῷ
723 873 808 935 πόθεῖ
824 879 863 955 τῷ
874 901 953 956 γεγο-

155 960 215 1022 νότι
231 961 281 1022 τόν
298 961 458 1042 στρατηγόν
475 960 646 1039 Ἀρταΰντην
661 961 740 1042 ἔλεγε
754 961 852 1021 πολλά
864 987 895 1021 τε
908 963 954 1021 καὶ
966 1025 970 1032 ,

156 1048 236 1118 κακά,
250 1048 328 1108 ἅλλα
347 1074 378 1108 τε
399 1049 445 1108 καὶ
460 1047 589 1130 γυναικός
608 1049 693 1107 κακίω
711 1047 768 1124 φάς
787 1046 872 1110 αὐτόν
885 1048 954 1109 εἶναι

155 1140 270 1196 τοιαῦτα
300 1134 545 1216 στρατηγήσαντα,
573 1135 620 1194 καὶ
649 1133 728 1204 ἄξων
757 1135 826 1196 εἶναι
851 1136 955 1200 παντός

157 1226 242 1282 κακοῦ
255 1222 305 1282 τόν
314 1225 453 1299 βασιλέος
467 1222 543 1282 οἶκον
553 1221 727 1282 κακώσαντα·
745 1221 823 1299 παροῖ
836 1222 866 1282 δέ
878 1227 955 1282 τοῖσι

158 1309 291 1389 Πέρσῃσι
313 1309 442 1390 γυναικός
468 1310 552 1368 κακίω
572 1307 691 1368 άκοΰσιιι
711 1309 803 1372 δέννος
822 1309 956 1389 μέγιστός

158 1402 228 1456 ἐστι·
256 1397 271 1456 ό
292 1397 330 1467 δὲ,
353 1397 413 1457 ἐπεὶ
436 1396 533 1456 πολλὰ
552 1394 665 1471 ἤκουσε,
689 1395 764 1455 δεινά
784 1395 954 1473 ποιεόμενος,

158 1487 266 1544 σπιῖται
279 1485 325 1544 ἐπὶ
341 1482 391 1544 τόν
408 1483 563 1560 Μασίστην
575 1482 626 1544 τόν
642 1481 781 1553 α’κινάκεα,
795 1483 955 1554 ἀποκτεῖναι

159 1571 257 1632 θέλων·
288 1572 336 1632 καί
352 1597 401 1648 μιν
422 1571 567 1632 ἐπιθέοντα
591 1571 728 1648 φρασθεὶς
748 1570 917 1652 Ξειναγόρης
938 1570 954 1631 ό

159 1659 315 1736 Πρηξίλεω,
347 1658 418 1736 ἀνὴρ
443 1657 692 1737 Ἀλικαρνησσεός
722 1657 824 1720 ὄπισθε
856 1658 961 1723 ἐστειδς

158 1745 242 1806 αὐτοῦ
259 1745 437 1824 Ἀρταΰντεω,
459 1745 575 1824 ἁρπάζει
592 1746 690 1823 μέσον,
709 1747 754 1805 καὶ
767 1746 865 1826 ἐξάρας
879 1748 955 1806 παίει

159 1837 187 1897 ἐς
202 1834 254 1909 τήν
269 1837 333 1914 γῆν·
361 1834 407 1893 καὶ
427 1838 456 1894 ἐν
475 1833 562 1912 τούτῳ
583 1837 610 1892 οἱ
629 1833 781 1909 δορυφόροι
800 1835 956 1897 Μασίστεω

159 1921 348 1997 προέστησαν·
392 1920 408 1981 ὁ
435 1921 465 1980 δέ
490 1919 659 2000 Ξειναγόρης
687 1924 776 1979 ταῦτα
807 1919 955 2000 ἐργάσατο,

160 2005 262 2084 χάριτα
292 2006 365 2086 αὐτῷ
390 2033 422 2067 τε
448 2008 587 2084 Μασίστῃ
616 2006 758 2084 τιθέμενος
784 2007 830 2065 καὶ
855 2006 953 2085 Ξέρξη,

161 2094 287 2164 ἐκσιόζων
299 2093 350 2154 τόν
362 2093 501 2170 ἀδελφεόν
513 2092 562 2155 τόν
575 2094 688 2154 ἐκείνου·
710 2094 755 2152 καὶ
768 2093 814 2154 διαὶ
826 2097 910 2154 τοΰτο
922 2093 956 2164 τό

161 2180 241 2260 ἔργον
258 2181 428 2262 Ξειναγόρης
445 2182 576 2256 Κιλικίης
593 2180 688 2257 πάσης
705 2180 779 2258 ἦρξε,
794 2179 889 2244 δόντος
901 2182 956 2257 βα-

99 2345 102 2352 .
160 2269 265 2330 σιλέος·
298 2271 354 2328 τῶν
374 2268 404 2327 δὲ
425 2267 484 2328 κατ’
508 2267 574 2328 ὁδόν
596 2268 794 2346 πορευομένων,
817 2267 896 2328 οὐδὲν
917 2269 956 2328 ἔτι

159 2356 248 2415 πλέον
268 2355 376 2435 ἐγένετο
395 2354 506 2424 τοότων,
525 2353 590 2414 ἀλλ’
609 2353 784 2415 ἀπικνέονται
803 2360 830 2419 ἐς
845 2355 955 2432 Σάρδις·

161 2446 190 2502 ἐν
199 2441 229 2500 δέ
241 2445 309 2520 τῇσι
320 2440 438 2519 Σάρδισι
452 2441 585 2522 ἐιτίγχανε
595 2441 646 2500 ἐεδν
654 2442 801 2518 βασιλεδς,
810 2441 842 2512 ἐξ
853 2444 956 2503 ἐκείνου

160 2532 211 2588 τοῦ
232 2528 335 2606 χρόνου
358 2529 420 2589 ἐπεί
437 2554 468 2589 τε
491 2529 522 2598 ἐξ
538 2527 685 2604 Ἀθηνέων,
703 2531 902 2606 προσπταίσας
921 2533 958 2608 τῇ

161 2614 308 2693 ναυμαχίη,
323 2616 420 2697 φυγάν
431 2615 555 2676 ἀπίκετο.

201 2700 271 2762 Τότε
284 2702 314 2760 δὲ
327 2707 357 2761 ἐν
368 2707 436 2780 τῇσι
450 2701 568 2779 Σάρδισι
581 2701 632 2762 ἐιδν
644 2700 700 2780 άρα
711 2701 767 2780 ἤρα
779 2707 830 2779 τῆς
841 2703 936 2763 Μασί-
947 2704 1004 2763 108

162 2813 235 2849 στευ
246 2788 383 2868 γυναικός,
397 2787 497 2864 ἐούσης
512 2790 559 2847 καὶ
575 2788 676 2864 ταύτης
692 2791 818 2850 ἐνθαῦτα·
840 2789 875 2854 ὥς
888 2791 920 2849 δέ
932 2793 959 2849 οἶ

162 2876 377 2952 προσπέμποντι
407 2874 457 2934 οὐκ
491 2873 602 2936 ἐδύνατο
634 2877 865 2956 κατεργασθῆναι,
895 2876 958 2936 οὐδὲ

161 2963 230 3040 βίην
246 2962 416 3041 προσέφερε,
429 2962 655 3039 προμηθεόμενος
671 2961 721 3022 τόν
738 2962 878 3038 ἀδελφεόν
895 2967 958 3022 Μα-
1019 3015 1021 3028 t

162 3051 276 3126 σίστην·
295 3049 384 3110 τώυτό
407 3049 438 3108 δὲ
460 3050 544 3108 τοῦτο
570 3049 629 3128 εἶχε
640 3049 696 3108 ’καὶ
713 3050 765 3124 τήν
781 3053 907 3130 γυναῖκα·
928 3049 958 3110 ευ’

148 3138 217 3219 ,γάρ
230 3139 365 3200 ἐπίστατο
376 3137 444 3215 βίης
458 3133 490 3194 οὔ
503 3135 661 3213 τευξομένη·
680 3137 797 3197 ἐνθαῦτα
810 3136 960 3214 δῆΞέρξης

163 3227 311 3312 ἐργόμενος
321 3229 377 3289 τῶν
390 3223 495 3293 ἄλλων,
508 3223 633 3302 πρήσσει
645 3223 695 3284 τόν
706 3223 798 3306 γόμον
810 3226 909 3285 τοῦτον
921 3229 960 3301 τῷ
