2294 3430
210 166 254 212 ιιο
510 164 692 214 τιοοιουου
928 162 1006 229 [vn.

211 245 264 320 μὲν
282 242 335 319 πὴν
355 245 450 321 ἑτέρην
465 248 519 304 τῶν
531 244 673 325 γεφυρέων
685 242 738 318 τὴν
750 242 820 320 πρός
832 247 883 303 τοῦ
897 243 1010 304 Πόντου

212 330 229 391 ό
243 330 325 402 πεζός
342 358 372 392 τε
386 333 432 390 καὶ
444 331 463 407 ἡ
478 333 561 396 ἵππος
579 331 684 402 ἅπασα,
700 330 769 390 κατὰ
783 331 813 390 δέ
826 331 878 406 τὴν
891 330 962 408 πρός
975 333 1009 392 τό

211 423 328 500 Αἰγαῖον
349 420 384 480 τά
406 420 541 501 ὐποζύγια
563 421 608 480 καὶ
629 419 647 496 ἡ
670 420 815 495 θεραπηίη·
840 419 957 499 ἡγέοντο
979 420 1010 480 δὲ

211 512 307 584 πρῶτα
319 511 371 585 μὲν
384 511 411 568 οί
423 507 517 585 μύριοι
531 508 642 586 Πέρσαι
661 507 883 583 ἐστεφανωμένοι
899 505 1008 578 πάντες,

210 595 282 672 μετά
295 596 325 655 δέ
337 596 451 660 τούτους
464 596 479 657 ὁ
490 596 645 674 σύμμικτος
653 594 773 671 στρατός
785 594 921 654 παντοίων
935 596 1009 655 ἐθνέ·

211 711 257 744 ων.
298 684 400 760 ταύτην
413 686 465 761 μὲν
478 683 648 762 τὴνὴμέρην
662 681 748 742 οὗτοι·
769 687 805 761 τῇ
823 681 852 742 δέ
865 682 1008 762 ὑστεραίῃ,

211 776 317 850 πρῶτοι
331 774 382 849 μὲν
401 774 431 832 οἵ
445 798 476 832 τε
494 771 609 832 ἱππόται
628 771 674 830 καὶ
693 773 721 830 οἱ
740 770 791 834 τάς
806 769 914 852 λόγχας
936 770 1009 831 κάτω

210 861 365 936 τρέποντες·
386 859 578 935 ἐστεφάνωντο
599 859 628 918 δὲ
650 859 696 918 καὶ
719 856 804 918 οὗτοι·
829 858 900 935 μετά
921 859 959 929 δὲ,
982 862 1014 933 οἳ,

210 974 241 1007 τε
263 949 342 1008 ἵπποι
363 952 389 1007 οἱ
409 949 462 1026 ἱροὶ
476 949 521 1006 καὶ
534 947 568 1007 τό
582 946 658 1024 ἅρμα
671 945 704 1006 τό
719 945 787 1022 ἱρόν·
809 947 854 1005 ἐπὶ
874 945 911 1016 δέ,
926 946 1009 1011 αὐτός

210 1062 241 1096 τε
265 1037 369 1114 Ξέρξης
396 1037 441 1094 καὶ
465 1039 491 1094 οἱ
515 1035 694 1116 αἰχμοφόροι,
719 1034 765 1092 καὶ
789 1037 815 1093 οἶ
839 1033 954 1094 ἱππόται
982 1041 1009 1100 οἱ

209 1126 307 1204 χίλιοι·
323 1126 367 1184 ἐπὶ
381 1125 410 1184 δὲ
422 1124 548 1183 τούτοισι
561 1123 577 1183 ό
591 1122 680 1186 ἄλλος
693 1119 822 1200 στρατός·
843 1123 890 1180 καὶ
903 1125 932 1181 αἱ
945 1127 1008 1198 ’νῆες

212 1211 272 1290 ἅμα
290 1212 426 1293 ἀνήγοντο
448 1217 475 1274 ἐς
495 1211 546 1287 τὴν
567 1210 739 1270 ἀπεναντίον.
781 1208 835 1286 ἤδη
849 1210 883 1286 δὴ
897 1209 1007 1286 ἤκουσα

128 1371 132 1380 .
211 1301 256 1358 καὶ
276 1300 396 1361 ὕστατον
417 1301 549 1375 διαβῆναι
568 1300 696 1375 βασιλέα
715 1298 834 1358 πάντων.

162 1389 200 1447 56
250 1388 355 1464 Ξέρξης
369 1387 398 1446 δέ
412 1388 473 1446 ἐπεί
489 1413 520 1446 τε
534 1387 615 1463 διέβη
630 1392 657 1450 ἐς
674 1385 726 1462 τὴν
739 1385 884 1463 Εὐρούπην,
899 1388 1007 1463 ἐθηεῖτο

209 1474 259 1535 τόν
280 1474 402 1552 στρατόν
423 1474 477 1534 ὐπδ
497 1475 643 1555 μαστίγων
664 1475 863 1550 διαβαίνοντα·
875 1475 956 1551 διέβη
977 1477 1007 1535 δὲ

210 1562 226 1622 ό
244 1563 364 1639 στρατός
382 1562 465 1622 αὐτοῦ
485 1567 513 1622 ἐν
532 1563 601 1622 ἑπτά
619 1562 740 1642 ἡμέρησι
759 1563 805 1620 καὶ
825 1566 855 1622 ἐν
875 1563 944 1622 ἑπτὰ
964 1563 1006 1622 εὐ-

210 1650 341 1728 φρόνῃσι,
356 1649 485 1714 ἐλινύσας
499 1649 595 1710 οὐδένα
608 1650 719 1732 χρόνον.
754 1651 871 1710 ἐνθαῦτα
885 1651 1005 1732 λέγεται,

209 1739 317 1816 Ξέρξεω
336 1737 388 1815 ἤδη
403 1738 607 1815 διαβεβηκότος
619 1739 669 1799 τόν
681 1738 905 1813 Ἑλλήσποντον,
919 1737 1005 1816 ἄνδρα

209 1830 294 1885 εἰπεῖν
307 1825 541 1903 Ἑλλησπόντιον·
563 1826 610 1886 “ὧ
624 1831 685 1896 Ζεῦ,
699 1827 730 1885 τί
747 1825 782 1902 δὴ
803 1825 880 1904 α’νδρὶ
901 1824 1004 1902 εἰδόμε-

208 1940 254 1978 νος
272 1917 372 1995 Πέρση
393 1916 438 1975 καὶ
460 1909 565 1992 οὕνομα
587 1915 648 1976 ἀντὶ
669 1914 736 1978 Διὸς
756 1913 860 1991 Ξέρξεα
882 1915 1003 1992 θέμενος,

208 2001 365 2063 ἀνάστατον
377 2003 429 2080 τὴν
440 2002 567 2063 Ἑλλάδα
585 2004 689 2064 ἐθέλεις
702 2005 821 2077 ποιῆσαι
842 2000 916 2082 ἄγων
936 2001 1003 2062 ποίν-

206 2117 256 2154 τας
269 2091 445 2168 ἅνθροίπους;
467 2092 512 2150 καὶ
525 2090 580 2171 γάρ
594 2091 657 2151 ἄνευ
669 2089 773 2150 τούτων
786 2089 851 2164 ἐξὴν
867 2113 911 2149 τοι
929 2091 1002 2149 ποιέ-

207 2205 246 2240 ειν
265 2179 379 2240 ταῦτα.”

159 2266 196 2328 57
245 2267 295 2330 Ὠς
315 2268 344 2326 δὲ
363 2268 500 2342 διέβησαν
516 2266 624 2336 πάντες,
639 2271 666 2330 ἐς
679 2265 745 2326 όδόν
759 2265 947 2343 (ὁρμημένοισι
960 2268 1003 2328 τέ-

205 2380 256 2430 ρας
269 2359 325 2429 σφι
338 2354 428 2430 ἐφάνη
440 2353 564 2434 μέγα,τὸ
575 2353 679 2430 Ξέρξης
692 2359 721 2412 ἐν
735 2353 825 2413 οὐδενὶ
839 2354 914 2434 λόγῳ
929 2359 1002 2414 ἐποι-

205 2439 297 2516 ήσατο
316 2443 364 2500 καί
382 2467 434 2518 περ
456 2440 655 2518 εὐσύμβλητον
675 2441 730 2501 ἐόν·
753 2443 836 2505 ἵππος
853 2442 908 2522 γάρ
929 2443 1002 2501 ἔτεκε

205 2527 304 2608 λαγόν.
347 2528 558 2609 (εὐσύμβλητον
581 2528 617 2589 ὧν
635 2529 701 2609 τῇδε
719 2533 802 2590 τοῦτο
824 2531 939 2611 ἐγένετο,
959 2529 1002 2588 ὅτι

206 2615 308 2691 ἐμελλε
327 2619 378 2692 μέν
399 2620 466 2675 ἐλᾶν
487 2617 620 2693 στρατιὴν
637 2618 681 2676 ἐπὶ
694 2617 745 2693 τὴν
757 2616 883 2676 Ἑλλάδα
897 2616 1002 2694 Ξέρξης

205 2701 380 2784 ἀγαυρότατα
401 2704 447 2763 καὶ
465 2705 762 2785 μεγαλοπρεπέστατα,
779 2703 870 2764 ὀπίσω
889 2704 919 2763 δέ
938 2706 1002 2781 περὶ

205 2793 305 2849 ἑωυτοῦ
324 2793 429 2872 τρέχων
448 2791 523 2868 ἥξειν
537 2797 564 2856 ἐς
576 2793 626 2852 τόν
639 2792 723 2853 αὐτόν
739 2792 851 2873 χῶρον.)
894 2792 1001 2874 ἐγένετο

204 2879 234 2938 δέ
255 2878 301 2937 καὶ
322 2879 414 2958 ἕτερον
433 2879 506 2958 αὐτῷ
517 2880 597 2957 τέρας
611 2880 683 2940 ἐόντι
697 2885 726 2940 ἐν
740 2879 867 2957 Σάρδισι·
888 2880 1002 2955 ἡμίονος

204 2967 259 3049 γάρ
273 2968 347 3028 ἔτεκε
359 2967 475 3045 ἡμίονον
488 2967 550 3037 διξὰ
565 2969 685 3047 ἔχουσαν
698 2968 797 3036 αἰδοῖα,
812 2968 847 3028 τά
860 2970 912 3044 μέν
926 2967 1001 3044 ἐρσε-

205 3055 307 3126 νος,τύ
321 3056 350 3115 δέ
364 3057 474 3133 θηλέης·
497 3055 649 3132 κατύπερθε
663 3055 693 3113 δὲ
706 3055 741 3132 ἦν
759 3054 794 3115 τά
809 3061 859 3114 τοΰ
880 3057 1000 3131 ἔρσενος.

158 3144 195 3202 δ8
206 3147 267 3204 Τῶν
280 3143 445 3223 α’μφοτέρων
459 3143 546 3225 λόγον
561 3141 657 3202 οὐδένα
670 3142 867 3219 ποιησάμενος,
880 3141 913 3200 τὰ
934 3139 1000 3216 πρό·

204 3257 247 3291 σω
268 3231 421 3311 ἐπορεύετο·
443 3231 497 3293 σύν
510 3231 541 3291 δέ
553 3234 579 3290 οἱ
592 3229 608 3291 ό
622 3230 703 3301 πεζός
717 3227 845 3307 στρατός·
867 3227 882 3287 ό
896 3227 926 3286 δὲ
939 3252 1001 3286 ναυ-

203 3319 279 3384 τικάς
292 3321 342 3390 ἔξω
355 3321 405 3383 τδν
423 3319 638 3397 Ἑλλήσποντον
658 3317 758 3385 πλέων,
772 3315 849 3390 παρὰ
867 3318 922 3392 γῆν
942 3318 1001 3374 ἐκο-
