2204 3430
144 123 256 188 87-89]
443 122 648 172 τατνττοτα.
917 127 950 171 ον

144 230 204 273 κας,
215 203 267 279 τήν
280 201 310 262 δὲ
324 203 431 278 ἐσθῆτα
443 203 625 279 μετέβαλλον
638 199 742 263 αὐτέων
755 206 784 266 ές
795 200 849 278 τήν
860 199 948 262 Ἰάδα·

145 291 265 367 ἐφόρεον
279 289 335 372 γοίρ
352 289 386 366 δή
405 289 460 367 πρό
474 294 524 350 τοῦ
542 293 571 350 αἱ
588 295 644 351 τῶν
656 288 811 366 Ἀθηναίων
823 293 950 371 γυναῖκες

146 379 255 454 ἐσθῆτα
268 379 387 456 Δωριδα,
401 383 437 458 τῇ
451 379 587 458 Κορινθίῃ
599 377 886 456 παραπλησιωτάτην·
900 405 949 455 με·

144 467 291 543 τέβαλλον
308 467 347 527 ’ὧν
363 471 390 530 ἔς
408 465 457 526 τόν
474 467 567 527 λίνεον
581 468 691 538 κιθῶνα,
707 467 751 527 ἵνα
765 466 799 543 δή
812 465 949 546 περόνῃσι

143 554 185 632 μή
197 557 342 634 χρέωνται·
364 555 436 635 (ἔστι
449 555 479 614 δὲ
492 553 594 630 οἷληθέϊ
606 553 684 636 λόγῳ
697 555 881 634 χρεωμένοισι
897 555 947 614 οὔκ

144 642 201 706 Ἰιίς
221 642 292 719 αὕτη
310 641 329 718 ή
348 641 433 718 ἐσθής
452 641 485 702 τό
504 642 635 714 παλαιόν,
653 641 863 756 όλλιίΚοίειρο·
885 645 945 704 ε’πεί

122 739 126 746 “
143 756 164 804 η
176 757 210 811 γε
222 729 376 806 Ελληνική
396 731 538 806 ἐσθής
497 757 579 792 πασα
591 757 610 808 η
624 730 728 812 α’ρχαίη
745 757 800 792 των
812 757 949 813 γυναικων
957 735 996 792 88
1071 751 1073 757 ·

145 813 248 893 ήαῦτή
263 817 298 893 ἦν
310 816 362 893 τήν
377 821 426 878 νῦν
440 819 553 895 Δωρίδα
569 820 729 912 καλέομεν)
748 823 825 879 τοῖσι
842 818 892 878 δὲ’
892 825 948 896 Αρ-

144 905 251 984 γείοισι
271 905 318 963 καὶ
338 903 417 964 τοῖσί
437 905 629 985 Αἰγινήτῃσι
627 907 673 966 καὶ
698 905 769 982 πρός
794 909 883 966 ταῦτα
906 907 946 966 ἔτι

144 991 211 1052 τόδε
228 995 348 1068 ποιήσαι
368 991 455 1069 νόμον
468 992 538 1052 εἰναι
553 1018 630 1069 παρα
621 993 726 1068 ’σφι“
714 993 879 1069 εκατέροισι·
899 993 949 1057 τὰς

145 1078 276 1158 περόνας
283 1079 416 1157 ήμιρλίας
436 1080 584 1140 ποιέεσθαι
605 1084 655 1140 τοῦ
676 1103 741 1140 τοτε
761 1083 949 1144 κατεστεῶτος

145 1168 322 1246 μέτρον,καί
343 1173 370 1232 ἐς
391 1168 424 1230 τό
448 1167 508 1246 ἱρόν
525 1171 584 1228 τῶν
605 1168 675 1228 θεῶν
692 1167 811 1227 τοτπέων
830 1167 949 1245 περόνας

144 1254 274 1332 μάλιστα
290 1255 502 1318 ανατιθέναι
467 1282 518 1320 τας
532 1259 676 1366 γυναῖκας
694 1253 823 1318 Ἀττικόν
836 1255 918 1316 δὲ’
877 1281 949 1333 μητε

142 1369 173 1411 τι
194 1342 270 1404 ἄλλο
290 1345 464 1423 προσφέρειν
485 1344 555 1422 πρός
576 1344 610 1406 τό
633 1343 701 1421 ἱρόν,
723 1342 795 1422 μήτε
815 1345 945 1422 κέραμον,

144 1431 212 1492 ἀλλ’
228 1437 258 1492 ε’κ
278 1433 414 1512 χυτρίδων
435 1433 602 1512 ἐπιχωριέων
619 1432 713 1511 νόμον
723 1431 757 1494 τό
775 1432 878 1494 λοιπόν
896 1431 943 1492 αὖ·

144 1519 208 1580 τόθι
217 1521 291 1584 ,εἶναι
303 1521 398 1582 πίνειν.
441 1519 575 1603 Ἀργείων
587 1521 640 1598 μέν
657 1547 706 1582 νυν
720 1520 766 1580 καὶ
779 1520 947 1602 Αἰγινητέων

144 1611 174 1667 αἰ
187 1614 315 1690 γυναῖκες
329 1609 358 1668 ἔκ
371 1635 402 1671 τε
415 1609 504 1671 τόσου
518 1607 577 1670 κατ’
592 1609 648 1686 ἔριν
660 1612 716 1671 τῶν
728 1607 881 1685 Ἀθηναίων
898 1634 946 1668 πε·

144 1696 230 1772 μόνας
240 1699 280 1757 ἔτι
294 1698 340 1756 καὶ
354 1703 381 1760 ές
395 1700 444 1775 ε’μὲ
459 1696 578 1776 ἐφόρεον
591 1698 708 1774 μέζονας
721 1694 740 1773 ἢ
753 1696 809 1772 πρό
821 1701 883 1756 τοῦ.

184 1789 241 1861 Τής
265 1785 295 1844 δὲ
316 1786 417 1864 ἔχθρης
439 1789 490 1862 τῆς
510 1785 582 1863 πρός
599 1784 749 1866 Αἰγινήτας
768 1783 945 1860 Ἀθηναίοισι
955 1787 991 1844 89

144 1873 295 1952 γενομένης
314 1871 389 1951 ἀρχή
409 1873 480 1933 κατοί
496 1873 534 1934 τιί
551 1873 657 1950 εἴρηται
670 1872 789 1952 ἐγένετο.
829 1871 894 1932 τότε
912 1872 946 1948 δή

144 1960 279 2034 Θηβαίων
306 1959 536 2035 ἐπικαλεομένων,
558 1957 707 2036 προθύμως
737 1962 792 2018 τῶν
819 1959 884 2035 περὶ
909 1959 945 2020 τό

145 2044 298 2126 ἀγάλματα
318 2045 473 2126 γενομένων
491 2043 767 2122 ἀναμιμνησκόμενοι
790 2047 817 2104 οἰ
835 2049 945 2126 Αἰγινή-

143 2157 192 2192 ται
216 2134 352 2210 ἐβοήθεον
378 2137 455 2194 τοῖσι
479 2135 638 2194 Βοιωτοῖσι.
679 2133 830 2214 Αἰγινῆταί
853 2158 885 2194 τε
909 2134 945 2212 δή

144 2219 240 2303 ε’δήευν
253 2226 304 2298 τῆς
316 2221 444 2298 Ἀττικῆς
456 2221 493 2283 τοί
508 2220 740 2300 παραθαλάσσια,
756 2222 803 2282 καί
818 2221 946 2300 Ἀθηναί-

144 2337 204 2372 οισι
217 2311 419 2390 όρμεωμένοισι
433 2310 474 2370 ἐπ’
485 2309 635 2393 Αἰγινήτας
648 2309 860 2388 στρατεύεσθαι,
874 2311 946 2389 ἦλθε

143 2399 278 2477 μαντήϊον
302 2405 333 2460 ε’κ
355 2404 478 2476 Δελφῶν
500 2397 668 2478 ἐπισχόντας
684 2397 742 2460 α’πό
764 2403 815 2460 τοῦ
834 2404 946 2482 Αἰγινη-

143 2489 212 2548 τέων
228 2487 336 2548 οἷδικίοο
356 2487 506 2566 τριήκοντα
523 2488 592 2558 ἔτεα,
607 2492 645 2566 τῷ
664 2487 703 2548 ένί
721 2487 768 2546 καὶ
780 2493 945 2569 τριηκοστῷ,

143 2580 237 2655 Αἰακῷ
252 2577 366 2654 τέμενος
376 2575 570 2646 α’ττοδέξαντας
590 2574 731 2655 ἄρχεσθαι
748 2580 799 2636 τοῦ
817 2576 888 2654 πρός
905 2581 952 2637 Αἰ-

142 2663 257 2744 γινήτας
276 2666 414 2742 πολέμων
436 2665 485 2724 καί
501 2670 558 2742 σφι
578 2663 719 2744 χωρήσειν
731 2663 767 2724 τό
780 2663 958 2741 βούλονται·’

143 2749 220 2827 ἢνδὲ
234 2751 332 2812 αὖτίκα
346 2752 606 2831 ἐπιστρατεύωνται,
620 2751 718 2812 πολλὰ
736 2753 788 2829 μέν
806 2757 899 2828 σφεας
916 2757 946 2813 ἐν

143 2841 182 2917 τῷ
194 2841 299 2915 μεταξιί
312 2845 362 2900 τοῦ
375 2841 479 2920 χρόνου
489 2841 641 2902 πείσεσθαι
651 2839 749 2900 πολλὰ
763 2840 793 2898 δὲ
807 2841 853 2899 καί
866 2839 946 2914 ποιή-

144 2952 216 2987 σειν·
236 2927 319 2990 τέλος
331 2929 426 3004 μέντοι
440 2929 695 3006 καταστρέψεσθαι.
729 2930 818 2986 ταῦτα
832 2925 867 2986 ὦς
880 2925 947 2988 εἶπε-

144 3007 319 3095 νειχθέντα”
301 3040 427 3090 ηκουσαν
441 3043 468 3075 οι
458 3015 684 3128 Ἀθηναῖοι,
645 3039 684 3092 τῳ
696 3015 748 3090 μὲν
762 3015 871 3085 Αἰακῷ
869 3009 946 3081 τέμε-
949 3052 952 3060 .

144 3130 191 3166 νος
211 3103 357 3173 ἀπέδεξαν,
370 3107 453 3162 τοῦτο
471 3102 504 3164 τό
523 3107 572 3164 νῦν
587 3103 634 3162 ε’πὶ
650 3105 700 3176 τῆς
713 3099 818 3203 οἷγρρῆς
831 3093 946 3166 ἵδρυται

144 3191 295 3270 τριήκοντα
315 3190 378 3250 δὲ”
363 3215 426 3248 ετεα
446 3189 495 3250 οὐκ
512 3189 667 3268 ἀνέσχοντο
688 3183 858 3244 ακούσαντες
879 3174 948 3237 ὅκως

144 3281 234 3358 χρεων
258 3281 300 3358 εἰη
325 3280 461 3358 ἐπισχεῖν,
486 3275 661 3339 πεπονθότας
683 3291 769 3347 προς
767 3261 947 3342 ΑἶγΨΨῑων
