2294 3430
169 127 309 192 ιιι-ιιι]
507 127 620 178 nmo.
920 125 967 174 ιιι

169 209 249 267 λέων·
269 209 424 266 τελειπαῖοι
438 207 467 266 δὲ
481 207 646 277 ἐτάσσοντο,
661 205 770 284 ἔχοντες
782 203 817 265 τό
831 203 969 280 εύάνυμον

170 295 258 371 κέρας,
273 296 439 357 Πλαταιέες.
481 294 537 354 άπό
550 294 653 370 ταύτης
665 291 720 373 γάρ
735 297 791 367 σφι
804 297 854 368 τῆς
867 291 968 370 μάχης,

170 382 268 445 θυσίας
281 381 434 458 Ἀθηναίων
451 381 608 464 ἀναγόντων
626 380 672 440 καὶ
688 379 859 460 πανηγύριας
876 380 926 442 τοὶς
940 383 969 438 ἐν

169 472 236 548 τῇσι
255 471 432 546 πεντετηρίσι
455 471 609 550 γινομένας,
630 468 792 547 κατεύχεται
812 467 828 528 ὁ
850 466 969 544 κήρυξό

168 555 315 632 Ἀθηναῖος
335 556 394 634 ἅμα
413 583 444 618 τε
464 555 641 634 Ἀθηναίοισι
656 556 769 638 (λέγων)
785 555 915 636 γίνεσθαι
933 553 970 615 τά

169 642 262 724 άγαθιί
283 643 330 702 καὶ
350 648 538 704 Πλαταιεῦσι.
579 645 644 704 τότε
664 643 694 702 δέ
713 644 897 718 τασσομένων
914 645 970 702 τῶν

168 730 322 807 Ἀθηναίων
342 737 371 791 ἐν
391 735 429 810 τῷ
449 733 611 808 Μαραθῶνι,
630 731 734 811 ἐγίνετο
752 729 859 790 τοιόνδε
875 755 912 788 τι·
936 729 969 790 τό

169 819 361 896 στρατόπεδον
386 817 564 894 ἐξισούμενον
587 823 625 897 τῷ
645 819 762 896 Μηδικῷ
781 817 968 896 στρατοπέδῳ,

169 905 203 964 τό
220 908 271 980 μὲν
288 903 373 963 αὐτοῦ
390 904 481 980 μέσον
501 905 606 984 ἐγίνετο
623 904 669 962 ἐπὶ
689 903 784 972 τάξιας
803 903 909 982 ὀλίγος,
925 906 970 962 καὶ
1034 935 1036 940 ,

169 990 257 1068 ταύτῃ
270 989 305 1064 ἦν
319 989 527 1050 ἀσθενέστατον
536 990 573 1050 ’τό
588 988 787 1066 στρατόπεδον·
803 989 837 1048 τό
851 989 880 1046 δὲ
891 989 971 1065 κέρας

172 1076 301 1152 ἑκάτερον
312 1078 413 1153 ἔρρωτο
424 1076 538 1152 πλήθεϊ.
565 1077 614 1140 Ὡς
624 1077 655 1136 δέ
667 1081 723 1150 σφι
737 1076 892 1135 διετέτακτο
906 1076 951 1134 καὶ
962 1078 1017 1135 112

171 1164 208 1222 τοὶ
226 1162 339 1244 σφάγια
355 1165 460 1244 ἐγίνετο
479 1163 562 1234 καλά,
577 1165 695 1225 ἐνθαῦτα
715 1163 750 1227 ὥς
766 1162 924 1238 α’πείθησαν
944 1167 971 1222 οἱ

171 1247 323 1326 Ἀθηναῖοι,
337 1250 430 1330 δρόμῳ
447 1251 520 1312 ἵεντο
533 1258 561 1316 ἐς
573 1251 637 1316 τούς
655 1251 830 1328 βαρβάρους
850 1249 925 1326 ἦσαν
943 1250 972 1310 δέ

171 1337 281 1398 στάδιοι
295 1337 344 1398 ούκ
364 1339 519 1404 ἐλάσσονες
530 1340 564 1400 τό
577 1340 742 1419 μεταίχμιον
755 1338 845 1398 αὐτῶν
857 1336 876 1414 ἢ
889 1337 971 1398 όκτιό·

172 1428 199 1484 οἱ
217 1425 247 1486 δέ
263 1427 376 1504 Πέρσαι
393 1425 523 1504 ὁρέοντες
541 1428 634 1508 δρόμῳ
655 1427 782 1490 ἐπιόντας
800 1425 971 1504 παρεσκευά-

171 1514 252 1584 ζοντο
273 1514 310 1578 ὥς
330 1515 480 1592 δεξόμενοι·
509 1518 610 1592 μανίην
635 1541 667 1576 τε
693 1519 770 1576 τοῖσι
796 1514 971 1590 Ἀθηναίοισι

172 1602 308 1679 ἐπέφερον
321 1602 367 1662 καὶ
384 1601 480 1683 πάγχυ
499 1603 637 1682 ὀλεθρίην,
651 1603 781 1681 ὁρέοντες
799 1601 898 1665 αύτούς
911 1601 969 1662 όλί-

170 1713 244 1768 γους,
266 1690 312 1748 κοὶ
331 1689 445 1752 τούτους
465 1691 557 1771 δρόμῳ
578 1692 780 1772 ἐπειγομένους,
800 1689 863 1750 οὕτε
884 1690 971 1750 ἵππου

170 1774 352 1854 ὑπαρχούσης
370 1783 427 1852 σφι
443 1777 506 1837 ούτε
521 1778 707 1855 τοξευμάτων.
747 1781 836 1838 ταῦτα
853 1778 905 1853 μέν
921 1803 970 1838 νυν

172 1865 199 1922 οἱ
211 1864 356 1941 βάρβαροι
374 1865 545 1934 κατείκαζον·
557 1865 701 1940 Ἀθηναῖοι
714 1865 744 1923 δέ
758 1865 860 1924 ἐπείτε
873 1862 971 1940 οἶθρόοι

171 1950 344 2026 προσέμιξαν
353 1953 430 2010 τοῖσι
438 1950 624 2028 βαρβάροισι,
635 1950 773 2028 ἐμάχοντο
782 1949 864 2018 α’ξίως
873 1949 971 2030 λόγου·

172 2040 278 2112 πρῶτοι
294 2039 345 2112 μὲν
360 2035 416 2116 γάρ
429 2036 574 2112 Ἑλλήνων
591 2036 709 2105 πάντων,
722 2040 777 2096 τῶν
792 2035 872 2112 ἡμεῖς
885 2035 971 2112 ἴδμεν,

171 2121 264 2201 δρόμῳ
278 2127 305 2186 ἐς
317 2123 469 2200 πολεμίους
479 2123 644 2202 ἐχρήσαντο,
657 2127 763 2201 πρῶτοι
776 2124 806 2182 δὲ
818 2123 972 2202 α’νέσχοντο

171 2211 279 2286 ἐσθῆτά
292 2236 329 2271 τε.
337 2210 468 2287 Μηδικήν
482 2210 611 2288 όρέωντες
624 2212 670 2272 καὶ
682 2211 747 2274 τούς
760 2211 860 2290 ἄνδρας
869 2209 972 2288 ταύτην

172 2299 350 2375 ἐσθημένους·
366 2299 433 2362 τέως
446 2298 477 2358 δὲ
489 2297 525 2375 ἦν
537 2302 614 2360 τοῖσι
622 2299 751 2376 Ἕλλησι
761 2299 807 2359 καὶ
819 2298 853 2360 τό
867 2298 972 2376 οὕνομα

171 2385 204 2446 τδ
222 2386 327 2462 Μήδων
345 2386 439 2464 φόβος
455 2385 585 2447 ἀκοῦσαι.
626 2389 802 2467 Μαχομένων
819 2387 849 2446 δέ
867 2392 896 2447 έν
913 2390 1019 2467 τῷ113

172 2475 325 2551 Μαραθῶνι
337 2473 438 2553 χρόνος
455 2476 560 2556 ἐγίνετο
572 2474 691 2538 πολλάς·
713 2475 758 2534 καὶ
770 2473 804 2535 τό
817 2477 869 2552 μὲν
881 2475 972 2552 μέσον

171 2565 221 2620 τοῦ
239 2561 431 2638 στρατοπέδου
450 2563 544 2623 ἐνίκων
571 2566 598 2622 οἱ
624 2562 777 2640 βάρβαροι,
799 2566 836 2642 τῇ
860 2564 972 2641 Πέρσαι

171 2672 202 2705 τε
224 2647 303 2708 αι’ντοὶ
323 2650 370 2708 καὶ
390 2649 480 2716 Σάκαι
504 2649 665 2729 ἐτετάχατο·
686 2650 758 2710 κοταὶ
769 2655 852 2711 τοῦτο
867 2653 919 2729 μὲν
936 2651 971 2727 δή

173 2734 266 2793 ἐνίκων
289 2737 316 2794 οἱ
335 2737 490 2815 βάρβαροι,
515 2739 561 2798 καὶ
581 2739 713 2816 ῥήξαντες
735 2739 847 2799 ἐδίωκον
870 2745 897 2803 ἐς
919 2738 972 2814 τήν

171 2819 337 2900 μεσόγαιαν·
357 2823 391 2884 τό
411 2825 441 2884 δὲ
461 2826 542 2902 κέρας
563 2825 691 2903 ἑκάτερον
712 2826 807 2887 ἐνίκων
827 2826 974 2902 Ἀθηναῖοί

171 2933 203 2967 τε
230 2908 277 2966 καὶ
302 2912 466 2986 Πλαταιέες,
491 2917 618 2976 νικῶντες
634 2913 673 2983 δὲ,
693 2912 727 2974 τό
750 2915 802 2991 μέν
819 2912 971 2991 τετραμμέ-

172 3021 221 3056 νον
234 2996 459 3075 τῶνβαρβάρων
472 2998 585 3080 φεύγειν
605 3001 664 3070 ἔων,
683 3004 760 3060 τοῖσι
780 3000 810 3058 δὲ
829 3000 862 3060 τό
882 2999 971 3074 μέσον

171 3083 276 3162 ῥήξασι
304 3083 394 3146 αὐτῶν
422 3087 627 3168 συναγαγόντες
651 3088 689 3148 τά
717 3089 797 3165 κέρεα
823 3085 971 3162 ἀμφότερα

172 3170 320 3252 ἐμάχοντο·
341 3172 387 3232 καὶ
408 3174 501 3234 ἐνίκων
520 3173 673 3252 Ἀθηναῖοι·
691 3174 830 3254 φεύγουσι
847 3173 878 3232 δὲ
894 3173 971 3230 τοῖσι

171 3253 306 3331 Πέρσησι
324 3254 436 3316 εἵποντο
449 3254 605 3328 κόπτοντες,
624 3261 652 3321 ἐς
665 3255 682 3316 δ
695 3254 741 3314 ἐπὶ
753 3252 806 3328 τήν
819 3251 972 3313 θάλασσαν
