2204 3430
159 82 236 164 ‘1-6]
512 96 625 146 υνκπο.
929 99 969 147 ιο

159 176 353 252 ἐβουλεύσατο
366 177 494 241 Φοίνικας
506 179 559 254 μὲν
572 177 767 254 ἐξαναστήσας
780 183 810 239 ἐν
822 181 858 258 τῇ
870 177 960 258 Ἰωνίῃ

160 265 326 336 κατοικίσαι,
334 264 432 334 Ἴωνας
446 267 475 325 δὲ
491 271 520 326 ἐν
532 270 569 346 τῇ
582 267 705 346 Φοινίκῃ·
727 267 772 326 καὶ
788 265 892 328 τούτων
906 267 958 326 εἴν-

160 377 210 411 εκα
231 354 408 414 ἐπιστείλειε·
435 353 516 418 ούδέν
535 381 563 414 τι
584 353 693 418 πάντως
711 360 799 416 ταῦτα
820 355 960 433 βασιλέος

159 442 400 520 βουλευσαμένου.
443 441 586 521 ἐδειμάτου
605 442 670 506 τούς
685 442 791 507 Ἴωνος.

201 531 284 592 Μετά
304 531 342 602 δέ,
357 531 373 591 ὁ
386 531 519 596 Ἱστιαῖος
532 531 566 591 δι’
579 530 703 613 ἀγγέλου
722 531 884 609 ποιεύμενος
898 530 960 608 Ἑρ·
975 533 994 589 4

159 619 278 694 μίππου,
293 619 392 697 ἀνδρδς
405 619 592 698 Ἀταρνείτεω,
605 623 682 680 τοῖσι
703 625 731 680 ἐν
746 619 865 697 Σάρδισι
882 623 961 678 ἐοῦσι

161 707 294 783 Περσέων
316 707 422 784 ἐπεμπε
441 708 564 785 βυβλία,
587 707 623 770 οἷς
643 708 961 786 προλελεσχηνευμένων

160 793 234 873 αύτῷ
251 793 428 859 ἀποστάσιος
445 796 516 873 πέρι.
560 795 576 855 o‘
595 795 624 854 δὲ
634 795 796 873 Ἕρμιππος
811 795 882 873 πρδς
896 793 961 858 τούς

161 884 214 958 μὲν
235 875 408 959 ἀπεπέμφθη
429 882 462 941 ού
483 883 561 951 διδοῖ,
586 883 678 959 φέρων
700 883 729 942 δὲ
753 883 903 961 ἐνεχείρισε
925 882 962 942 τά

161 969 276 1044 βυβλία
293 967 485 1044 Ἀρταφέρνεῖ·
507 969 523 1028 ὁ
545 968 574 1026 δὲ
594 968 692 1044 μαθιδν
713 968 787 1028 ἅπαν
807 968 843 1042 τδ
860 969 969 1048 γινόμε-

91 1097 93 1100 -
162 1080 219 1125 νον,
234 1057 343 1114 ε’κέλευε
361 1054 411 1116 τδν
424 1055 588 1134 Ἕρμιππον
605 1055 640 1115 τοὶ
658 1057 710 1134 μὲν
723 1054 800 1132 παρά
812 1059 863 1115 τοῦ
876 1055 960 1114 Ἱστι-

163 1142 226 1201 αίου
247 1142 341 1203 δοῦναι
361 1143 484 1222 φέροντα
504 1143 584 1204 τοῖσί
599 1169 651 1220 περ
671 1141 814 1220 ἔφερε,τά
834 1143 863 1202 δὲ
882 1142 960 1218 α’μοι-

161 1231 234 1306 βαῖα
246 1230 282 1290 τά
294 1229 371 1310 παρά
383 1236 439 1293 τῶν
452 1232 586 1310 Περσέων
599 1229 827 1309 ἀντιπεμπόμενα
840 1229 962 1310 Ἱστιαίῳ

163 1321 251 1399 ἐωυτῷ
269 1319 371 1380 δοῦναι.
411 1320 516 1381 τούτων
529 1321 559 1380 δὲ
574 1320 728 1402 γενομένων
745 1321 881 1397 φανερῶν,
895 1317 961 1378 α’πέ-

163 1432 250 1468 κτεινε
273 1409 390 1469 ἐνθαῦτα
413 1408 540 1472 πολλούς
560 1409 694 1488 Περσέων
718 1407 734 1468 ὁ
757 1407 959 1487 Ἀρταφέρνης.

162 1497 226 1574 περὶ
245 1495 345 1574 Σάρδις
364 1498 416 1573 μὲν
435 1496 470 1573 δή
491 1497 596 1578 ἐγίνετο
616 1495 735 1576 ταραχή.

201 1581 334 1644 Ἱστιαῖον
347 1585 376 1644 δὲ
386 1584 488 1662 ταύτης
498 1584 705 1661 ἀποσφαλέντα
714 1588 764 1660 τῆς
775 1584 887 1647 ἐλπίδος
895 1585 962 1643 Χῖοι
976 1586 995 1642 5

163 1675 284 1754 κατῆγον
297 1678 324 1736 ἐς
337 1673 477 1750 Μίλητον,
491 1671 576 1733 αύτοῦ
588 1673 722 1750 Ἱστιαίου
739 1673 892 1749 δεηθέντος.
934 1675 961 1730 οἱ

162 1759 192 1820 δὲ
204 1761 345 1838 Μιλήσιοι
358 1760 476 1841 ἅσμενοι
491 1762 720 1844 ἀπαλλαχθέντες
734 1762 781 1820 καὶ
793 1759 961 1841 Ἀρισταγό-

161 1874 222 1924 ρεω,
237 1847 361 1926 οὐδαμῶς
380 1850 520 1928 πρόθυμοι
539 1849 615 1925 ἦσαν
634 1849 725 1909 ἀλλον
741 1847 874 1925 τύραννον
888 1849 960 1906 δέκε-

162 1936 231 1995 σθαι
253 1941 280 2000 ἐς
300 1938 352 2012 τήν
369 1937 470 2015 χιύρην,
488 1935 534 1995 οἷά
552 1963 584 1995 τε
605 1937 762 2011 ἐλευθερίης
781 1934 960 2014 γευσάμενοι.

163 2023 210 2082 καὶ
231 2022 274 2098 δή,
295 2023 392 2086 νυκτός
412 2023 468 2104 γάρ
490 2022 589 2098 ἐούσης
607 2023 659 2102 βίη
678 2025 808 2098 ἐπειρᾶτο
826 2022 925 2081 κατιοδν
945 2021 962 2082 δ

162 2109 296 2173 Ἱστιαῖος
319 2115 346 2174 ἐς
365 2111 417 2187 τήν
436 2109 577 2186 Μιλητον,
596 2107 778 2186 τιτριύσκεται
800 2107 851 2168 τὸν
872 2109 962 2186 μηρδν

162 2197 219 2258 ύπό
233 2223 280 2259 τευ
298 2203 354 2259 τῶν
367 2199 527 2276 Μιλησίων.
569 2197 585 2258 ὁ
602 2201 655 2276 μὲν
668 2197 701 2274 δή
716 2195 751 2260 ὦς
764 2195 894 2260 ἀπωστὸς
912 2203 962 2274 τῆς

162 2277 264 2347 ἑαυτοῦ
273 2277 390 2369 γίνεται,1
399 2287 555 2368 ἀπικνέεται
569 2285 662 2348 ὀπίσω
674 2291 702 2350 ἐς
713 2285 765 2362 τήν
776 2287 856 2347 Χίον·
870 2290 899 2346 ἐν
919 2291 960 2346 εὓ-

161 2401 208 2436 τεν
225 2375 310 2446 δὲ,ού
329 2378 383 2458 γάρ
403 2377 495 2436 ἔπειθε
515 2375 579 2440 τούς
595 2377 682 2439 Χίους
703 2375 775 2435 ὥστε
794 2377 883 2452 ἑωυτῷ
901 2375 962 2434 δοῦ-

111 2485 117 2539 j
161 2489 206 2524 ναι
226 2465 296 2534 νέας,
310 2464 393 2542 διέβη
415 2469 443 2528 ἐς
462 2463 627 2540 Μυτιλήνην
648 2464 694 2523 καὶ
712 2465 806 2522 ἔπεισε
819 2463 963 2539 Λεσβίους

161 2551 258 2612 δοῦναί
276 2555 303 2611 οἱ
323 2553 394 2621 νέας,
437 2553 506 2611 οἶδὲ
522 2551 723 2629 πληριύσαντες
743 2549 814 2610 ἀκταὶ
834 2549 963 2626 τριήρεας

162 2641 262 2700 ἔπλεον
282 2638 341 2717 ἅμα
353 2639 475 2718 Ἱστιαίῳ
497 2645 524 2702 ἐς
544 2639 705 2710 Βυζάντιον·
728 2639 847 2699 ἐνθαῦτα
862 2637 892 2696 δὲ
908 2637 960 2708 ἱζά-

160 2752 248 2802 μενοι,
270 2727 320 2791 τάς
345 2733 374 2786 ἐκ
397 2731 447 2788 τού
471 2726 583 2788 Πόντου
609 2725 790 2789 ἐκπλωούσας
816 2729 870 2785 τῶν
896 2728 965 2784 νεῶν

123 2853 125 2858 -
163 2812 335 2890 ἐλάμβανον,
358 2815 435 2891 πλήν
459 2815 477 2891 ἢ
502 2814 566 2875 ὅσοι
593 2813 683 2875 αύτῶν
706 2813 829 2890 Ἱστιαίῳ
853 2811 964 2887 ἔφασαν

163 2903 271 2976 ἑτοῖμοι
292 2901 362 2962 εἶναι
381 2903 540 2963 πείθεσθαι.

202 2987 336 3050 Ἱστιαῖος
348 2990 400 3064 μέν
413 3015 461 3049 νυν
475 2989 521 3048 καὶ
535 2991 728 3063 Μυτιληναῖοι
748 2983 856 3044 ἐποίευν
868 2983 966 3062 ταῦτα·
982 2983 1000 3038 6

162 3076 209 3136 ἐπὶ
222 3075 252 3136 δὲ
266 3075 398 3151 Μίλητον
412 3075 498 3153 αύτήν
511 3074 638 3137 ναυτικὰς
651 3067 761 3133 πόλλδς
775 3069 821 3127 καὶ
833 3063 917 3133 πῦζός
930 3064 965 3138 ἢν

162 3163 285 3245 στρατδς
299 3162 499 3242 προσδόκιμος.
541 3160 751 3239 συστραφέντες
767 3152 822 3232 γὰρ
836 3151 863 3206 οἶ
876 3172 962 3254 Ἦρα·

161 3254 244 3335 τηγοὶ
264 3255 321 3316 τῶν
338 3252 481 3328 Περσέων,
502 3251 548 3311 καὶ
570 3250 600 3311 ἓν
620 3243 789 3320 ποιήσαντες
811 3257 956 3309 “pamm
