2280 3432
186 106 290 173 17-19]
490 104 677 152 κιλκιοασ.
934 105 980 152 289

185 184 294 264 θανάτῳ
314 185 422 254 δώσειν,
437 183 680 258 διαβεβλημένους
696 181 751 241 όπδ
767 185 932 251 Θεσσαλῶν,
946 181 982 246 ώς

185 273 239 354 ἐγώ
256 272 360 344 εἰκάζω·
382 277 429 332 νῦν
447 270 484 331 ὧν
500 270 583 348 ἀνδρα
601 269 692 332 πάντα
707 270 770 330 τινά
791 269 879 347 ἀμέων
898 270 983 350 χρεόν

185 367 247 421 ἐστι
260 362 391 442 γενέσθαι
404 360 519 443 ἀγαθόν·
536 361 658 439 κρέσσον
671 360 726 442 γάρ
739 359 883 422 ποιεῦντάς
895 385 923 419 τι
936 361 982 419 καὶ

185 447 372 525 ἀμυνομένους
384 453 552 525 τελευτῆσαι
561 448 612 509 τάν
625 453 718 517 αἰῶνα,
728 446 799 525 ἤπερ
810 448 982 527 παρέχοντας

185 535 372 614 διαφθαρῆναι
382 538 521 616 αἰσχίστῳ
534 537 621 616 μόρῳ·
638 536 715 595 ἀλλά
724 537 835 613 μαθέτω
843 563 885 598 τις
895 536 983 596 αὐτῶν

185 622 228 683 ότι
244 623 333 686 ἐόντες
348 625 495 702 βάρβαροι
511 624 552 682 ἐπ’
564 624 691 699 Ἕλλησι
708 624 825 702 ἀνδράσι
840 624 927 700 φόνον
941 627 982 702 ἐρ-

184 710 302 790 ραψαν.”
342 711 377 771 ‘O
393 715 445 788 μέν
461 711 497 771 ὦν
514 716 603 771 ταῦτα
619 712 758 789 παραίνεε·
781 717 807 771 οἱ
829 713 858 772 δέ
879 714 981 782 ἱππέες,
992 716 1029 775 18

186 799 248 858 ἐπεί
262 800 294 858 τέ
311 805 403 876 σφεας
415 799 617 870 ἐκυκλώσαντο,
632 800 788 875 ἐπήλαυνον
802 800 837 864 ώς
850 799 984 860 ἀπολεῦν-

184 912 236 962 τες,
252 888 298 946 καὶ
312 887 346 963 δή
361 887 522 948 διετείνοντο
537 888 574 947 τά
591 889 681 964 βέλεα
695 887 731 949 ώς
748 886 914 963 ἀπήσοντες·
936 889 985 947 καί

185 973 235 1033 κοά
254 1001 296 1038 τις
316 976 362 1034 καὶ
383 973 482 1051 ἀπῆκε.
524 975 570 1033 καὶ
587 977 614 1033 οἱ
630 973 719 1033 ἀντίοι
739 975 871 1047 ἔστασαν,
893 975 983 1053 πάντη

185 1063 393 1142 συστρέψαντες
407 1062 521 1126 ἐωυτοιὶς
534 1063 580 1122 καὶ
593 1061 785 1126 πυκνώσαντες
798 1061 833 1125 ώς
845 1063 982 1139 μάλιστα·

186 1151 304 1210 ἐνθαῦτα
331 1155 358 1210 οἱ
385 1150 501 1211 ἱππόται
527 1151 713 1228 ἀπέστρεφον,
742 1151 788 1209 καὶ
821 1150 983 1226 ἀπήλαυνον

115 1299 118 1304 ,
185 1235 286 1298 ἀπίσω.
328 1238 377 1298 οὐκ
394 1241 447 1318 ἔχω
466 1239 489 1299 δ’
506 1239 639 1317 ἀτρεκέως
655 1241 747 1308 εἰπεῖν,
767 1237 830 1298 σίντε
851 1242 875 1297 εἱ
894 1237 983 1314 ἦλθον

184 1329 236 1403 μέν
253 1327 421 1391 ἀπολέοντες
438 1328 502 1392 τοὶς
518 1329 628 1392 Φωκέας
646 1328 796 1403 δεηθέντων
816 1332 981 1398 Θεσσαλῶν,

186 1417 245 1486 ἐπεὶ
258 1416 288 1475 δέ
302 1415 377 1492 ὥρων
389 1415 460 1493 πρδς
473 1415 608 1494 ἀλέξησιν
625 1416 823 1494 τραπομένους,
843 1415 982 1478 δείσαντες

184 1503 225 1579 μή
241 1505 286 1562 καὶ
302 1504 391 1579 σφίσι
408 1503 521 1585 γένηται
534 1504 666 1582 τρώματα
684 1502 754 1563 οὕτω
772 1503 806 1580 δή
822 1502 983 1580 απήλαυνον

186 1589 285 1651 ἀπίσω·
313 1590 348 1656 ιδς
366 1591 421 1673 γάρ
442 1599 497 1668 σφι
518 1594 672 1653 ἐνετείλατο
691 1591 859 1670 Μαρδόνιος·
883 1591 938 1652 οὔτ’
959 1597 983 1653 εἰ

185 1678 273 1740 αὐτῶν
285 1681 450 1758 πειρηθῆναι
459 1679 584 1758 ήθέλησε
598 1683 623 1741 εί
634 1707 661 1741 τι
674 1679 764 1757 ἀλκῆς
772 1679 933 1760 μετέχουσι·
948 1679 983 1745 ώς

185 1766 215 1825 δέ
229 1766 321 1827 ὀπίσω
336 1767 491 1844 ἀπήλασαν
506 1772 533 1828 οἱ
549 1769 672 1841 ἱππόται,
690 1768 804 1847 πέμψας
824 1769 982 1847 Μαρδόνιος

185 1853 289 1931 κήρυκα
309 1857 388 1937 ἔλεγε
407 1856 482 1916 τάδε·
515 1867 533 1893 “
542 1857 682 1934 θαρσέετε,
703 1856 725 1916 ὦ
745 1857 860 1921 Φωκέες·
887 1857 982 1935 ἀνδρες

184 1942 239 2020 γάρ
253 1943 373 2019 ἐφάνητε
387 1942 477 2006 ἐόντες
490 1943 599 2026 ἀγαθοὶ,
611 1944 660 2004 οὔκ
671 1945 706 2008 ώς
716 1944 769 2025 ἐγώ
780 1944 981 2022 ἐπυνθανόμην·

185 2029 231 2086 καὶ
244 2034 292 2090 νῦν
304 2030 453 2108 προθύμως
467 2031 566 2109 φέρετε
578 2032 628 2092 τόν
640 2032 767 2109 πόλεμον
780 2035 888 2091 τοῦτον·
910 2031 982 2110 εὐερ-

184 2117 300 2194 γεσίῃσι
312 2120 367 2199 γάρ
381 2119 415 2179 οά
428 2119 556 2196 νικήσετε
569 2118 632 2179 οὔτε
642 2117 679 2180 ὧν
689 2122 745 2196 ἐμὲ,
757 2117 820 2178 οὔτε
829 2120 982 2194 βασιλέα·”

184 2202 220 2262 τά
232 2205 296 2282 περὶ
308 2209 423 2268 Φωκέων
435 2211 488 2286 μέν
501 2213 528 2271 ἐς
540 2211 661 2268 τοσοῦτο
674 2207 792 2288 ἐγένετο.

223 2294 438 2372 Λακεδαιμόνιοι
461 2296 499 2366 δέ,
521 2295 556 2359 ἀς
577 2300 605 2359 ἐς
624 2294 674 2356 τόν
694 2294 813 2372 Ἰσθμόν
832 2293 931 2373 ἦλθον,
953 2301 1028 2358 ἐν19

183 2378 271 2461 τούτῳ
287 2384 565 2460 ἐστρατοπεδεύοντο·
585 2382 786 2460 πυνθανόμενοι
804 2383 834 2442 δὲ
851 2388 939 2445 ταῦτα
956 2389 983 2446 οἱ

577 2470 848 2495 asise!

183 2469 280 2528 λοιποὶ
297 2471 527 2548 Πελοποννήσιοι
544 2497 621 2532 τοισι
638 2497 673 2531 τοι
694 2497 796 2548 αμεινω
817 2472 937 2543 εανδανε,
956 2477 983 2534 οἱ

184 2552 214 2611 δέ
235 2555 281 2613 καὶ
300 2556 424 2634 ὁρέοντες
441 2559 563 2630 ἐξιόντας
581 2559 765 2638 Σπαρτιήτας,
779 2557 829 2620 οάκ
848 2559 981 2622 ἐδικαίευν

184 2641 332 2704 λείπεσθαι
356 2650 407 2722 τῆς
433 2648 528 2717 ἐξόδου
554 2648 786 2725 Λακεδαιμονίων.
828 2653 859 2708 ἐκ
884 2648 919 2726 δή
946 2649 984 2710 ών

184 2732 234 2788 τοῦ
266 2729 393 2808 Ἰσθμοῦ,
421 2735 666 2813 καλλιερησάντων
690 2740 745 2796 τών
771 2739 844 2814 ἱρῶν,
873 2738 984 2814 ἐπορεό·

185 2841 250 2878 οντο
276 2819 376 2884 πάντες
405 2823 451 2880 καὶ
474 2821 650 2883 ἀπικνέονται
676 2828 704 2887 ἐς
728 2822 888 2883 Ἐλευσῖνα·
923 2849 983 2884 ποι-

184 2903 305 2980 ήσαντες
322 2906 414 2967 δὲκαὶ
433 2909 551 2968 ἐνθαῦτα
570 2908 624 2986 ἱρά,
638 2907 674 2973 ώς
690 2915 746 2986 σφι
764 2911 930 2990 ἐκαλλιέρεε,
948 2911 982 2973 τά

184 2993 283 3072 πρόσω
304 2995 477 3074 ἐπορεύοντο,
497 2994 642 3072 Ἀθηναῖοι
665 2997 694 3055 δέ
714 2997 773 3074 ἅμα
794 2997 905 3060 αάτοῖσι
926 2999 983 3059 δυα-

183 3082 287 3159 βάντες
306 3087 358 3162 μὲν
378 3089 408 3143 ἐκ
428 3085 589 3161 Σαλαμῖνος
606 3085 791 3165 συμμιγέντες
804 3087 833 3146 δέ
847 3093 876 3148 ἐν
887 3087 984 3148 Ἐλευ·

184 3174 253 3232 σῖνι.
281 3172 317 3238 ώς
329 3173 359 3233 δέ
372 3170 427 3250 ἀρα
437 3170 571 3231 ἀπίκοντο
588 3175 638 3245 τῆς
655 3173 787 3248 Βοιωτίης
801 3177 828 3237 ἐς
839 3174 983 3254 Ἐρυθράς,

184 3260 289 3337 ἔμαθόν
301 3289 331 3324 τε
345 3261 379 3338 δή
392 3258 456 3324 τούς
471 3257 638 3336 βαρβάρους
656 3258 702 3316 ἐπὶ
714 3263 753 3330 τῷ
763 3258 885 3346 Ἀσωπῷ
897 3287 982 3342 στρα-
