2240 3424
160 145 269 213 ⁶⁰.-⁶4]
458 141 647 192 κικκῐοιυτ.
910 141 956 191 311

160 215 241 303 δόνίκρ
253 221 305 282 καὶ
321 225 359 302 τῆ
374 225 494 301 στρατιῇ
506 225 542 300 τῆ
554 219 708 300 παρεούσῃ·
729 219 775 280 καὶ
789 219 822 281 οὗ
834 219 889 303 γάρ
903 227 960 298 σφι

161 311 266 391 ἐγίνετο
285 309 322 371 τά
343 308 456 391 σφάγια
476 308 597 390 χρηστά,
619 307 735 369 ἐπιπτόν
760 335 792 369 τε
818 308 907 370 αὐτῶν
930 315 960 370 ἐν

159 398 247 478 τούτῳ
259 401 298 478 τῷ
310 397 401 477 χρόνῳ
413 398 519 457 πολλοὶ
532 396 579 456 καὶ
592 399 691 476 πολλῷ
708 400 825 460 πλεῦνες
839 403 959 475 ἐτρωμα-

159 485 277 555 τιζοντο·
292 485 447 564 φράξαντες
455 485 510 566 γάρ
520 485 556 545 τά
568 486 655 566 γέρρα
669 487 695 544 οἱ
705 485 825 562 Πέρσαι,
840 484 960 547 ἀπίεσαν

159 575 215 632 τῶν
226 573 401 650 τοξευμάτων
411 572 508 633 πολλοὶ
518 572 651 648 ἀφειδέως
661 571 738 646 οὕτω,
752 573 824 634 ὥστε
833 575 958 650 πιεζομέ-

159 685 213 720 νων
225 665 280 720 τῶν
293 661 488 738 Σπαρτιητέων
498 661 607 720 καὶτῶν
617 660 748 740 σφαγίων
759 659 791 720 οὗ
800 663 958 742 γινομένων,

159 745 367 826 ἀποβλέψαντα
390 746 439 808 τάν
460 749 625 823 Παυσανίην
646 747 716 825 πρός
733 747 766 808 τό
786 748 903 826 Ἡραῖον
923 749 957 811 τά

159 836 326 896 Πλαταιέων
336 835 560 895 ἐπικαλέσασθαι
570 835 621 911 τήν
632 834 703 904 θεάν,
713 836 861 914 χρηίζοντα
872 839 958 915 μηδα-

157 927 217 1001 μῶς
237 925 330 1000 σφέας
350 925 507 1002 ψευσθῆναι
527 927 578 998 τῆς
591 923 713 985 ἐλπίδος.
760 928 855 982 Ταῦτα
875 924 898 982 δ’
919 928 1006 986 ἐτι62

158 1011 258 1072 τούτου
275 1011 499 1088 ἐπικαλεομένου,
514 1009 769 1088 προεξαναστάντες
785 1010 916 1088 πρότεροι
932 1017 959 1072 οἱ

158 1102 293 1180 Τεγεῆται
307 1099 426 1178 ἐχώρεον
440 1105 467 1163 ἐς
479 1098 544 1162 τούς
557 1097 733 1177 βαρβάρους·
755 1099 800 1158 καὶ
813 1104 889 1159 τοῖσι
901 1108 958 1160 Λα-

159 1187 358 1265 κεδαιμονίοισι
371 1186 469 1248 αὐτίκα
481 1186 553 1264 μετοὶ
565 1187 617 1262 τήν
631 1185 715 1266 εὐχήν
727 1185 779 1264 τήν
792 1188 958 1249 Παυσανίεω

159 1276 264 1357 ἐγίνετο
278 1277 440 1354 θυομένοισι
452 1276 487 1337 τά
501 1275 614 1357 σφάγια
623 1275 745 1355 χρηστά.
777 1275 813 1339 ώς
826 1277 855 1336 δέ
867 1277 958 1358 χρόνῳ

158 1367 222 1425 κοτὲ
235 1366 353 1446 ἐγένετο,
368 1365 486 1444 ἐχώρεον
497 1364 542 1423 καὶ
556 1359 633 1423 οὗτοι
647 1363 693 1422 ἐπὶ
705 1363 769 1426 τούς
782 1365 898 1442 Πέρσας
912 1367 958 1426 καὶ

158 1455 185 1512 οἶ
199 1455 310 1530 Πέρσαι
324 1452 412 1512 α’ντίοι
421 1453 457 1512 τά
470 1451 538 1522 τόξα
550 1452 686 1528 μετέντες.
728 1452 833 1533 ἐγίνετο
847 1453 876 1511 δὲ
886 1458 957 1530 πρῶ-

156 1566 207 1600 τον
227 1541 291 1618 περὶ
308 1540 344 1602 τά
360 1541 447 1621 γέρρα
467 1540 555 1619 μάχη·
583 1539 619 1604 ώς
639 1539 669 1599 δέ
688 1543 777 1600 ταῦτα
796 1540 956 1613 ἐπεπτώκεε,

156 1625 210 1704 ήδη
230 1630 335 1710 ἐγίνετο
352 1627 432 1707 μάχη
452 1629 555 1708 ἶσχυρῆ
572 1626 637 1706 παρ’
654 1627 721 1688 αὗτά
737 1627 770 1688 τδ
787 1629 957 1707 Δημήτριον,

157 1718 203 1776 καὶ
222 1717 325 1797 χρόνον
346 1718 391 1777 ἐπὶ
411 1717 530 1788 πολλάν,
550 1722 577 1781 ἐς
594 1716 610 1777 ὃ
628 1716 760 1778 ἀπίκοντο
780 1723 807 1782 ἐς
824 1717 957 1796 ώθισμόν·

155 1805 191 1864 τά
204 1806 259 1887 γάρ
273 1807 376 1884 δόρατα
390 1806 648 1883 ἐπιλαμβανόμενοι
659 1807 798 1866 κατέκλων
809 1809 835 1865 οἱ
844 1807 958 1884 βάρβα-

156 1919 210 1967 ροι.
251 1893 358 1969 λήματι
371 1893 423 1969 μέν
436 1919 484 1952 νυν
498 1894 544 1951 καὶ
556 1893 635 1970 ῥώμη
650 1892 699 1951 οὔκ
714 1893 830 1956 ἐσσονες
842 1893 917 1969 ἦσαν
931 1898 957 1955 οἱ

157 1980 279 2055 Πέρσαι·
299 1979 419 2039 ἀνοπλοι
438 1979 467 2036 δέ
484 1978 581 2048 ἐόντες,
597 1979 642 2037 καὶ
655 1978 725 2055 πράς
739 1978 957 2057 ἀνεπιστήμονες

156 2064 239 2142 ἦσαν,
254 2066 300 2124 καὶ
318 2065 368 2125 οὐκ
385 2065 477 2142 ὁμοῖοι
492 2069 569 2125 τοῖσι
587 2067 736 2125 ἐναντίοισι
754 2068 869 2143 σοφίην·
890 2095 957 2146 προ-

157 2153 335 2222 εξαΐσσοντες
356 2152 385 2212 δέ
406 2151 465 2212 κατ’
487 2153 541 2224 ἐνα,
564 2154 610 2212 καὶ
630 2153 703 2223 δέκα,
725 2155 772 2212 καὶ
791 2157 908 2219 πλεῦνές
926 2184 957 2218 τε

156 2241 203 2300 καὶ
230 2241 384 2306 ἐλάσσονες
408 2241 643 2320 συστρεφόμενοι,
667 2243 818 2303 ἐσέπιπτον
841 2247 869 2307 ἐς
894 2245 957 2309 τούς

157 2329 341 2410 Σπαρτιήτας,
353 2330 399 2390 καὶ
409 2329 609 2407 διεφθείροντο.
639 2335 681 2409 Τῇ
692 2331 721 2390 δέ
732 2330 865 2412 ἐτώγχανε
875 2332 957 2397 αώτός
967 2337 1005 2392 63

157 2417 208 2480 ἐών
234 2419 401 2496 Μαρδόνιος,
426 2409 489 2477 ἀπ’.
504 2419 590 2478 ἵππου
616 2446 648 2480 τε
673 2418 831 2496 μαχόμενος
857 2421 957 2482 λευκοῦ

157 2507 227 2586 ἔχων
239 2533 270 2568 τε
282 2509 346 2584 περὶ
358 2505 457 2567 ἐωυτδν
470 2507 593 2588 λογάδας
603 2507 737 2584 Περσέων
749 2508 813 2571 τούς
826 2508 956 2586 ἀρίστους

155 2595 273 2672 χιλίους,
294 2595 381 2675 ταύτῃ
400 2595 494 2655 δὲκαὶ
511 2593 640 2672 μάλιστα
658 2595 721 2658 τούς
743 2597 879 2660 ἐναντίους
900 2599 956 2656 ἐπί-

157 2707 231 2743 εσαν.
264 2683 334 2742 ὅσον
346 2685 398 2760 μέν
411 2709 458 2743 νυν
473 2682 577 2762 χρόνον
591 2679 749 2760 Μαρδόνιος
766 2689 872 2762 περιῆν,
888 2689 914 2744 οἱ
927 2687 956 2744 δὲ

156 2771 284 2848 ἀντεῖχον
304 2771 350 2828 καὶ
371 2770 537 2848 ἀμυνόμενοι
558 2773 738 2847 κατέβαλλον
757 2771 882 2835 πολλοῦς
902 2777 957 2833 τῶν

155 2858 388 2935 Λακεδαιμονίων·
416 2857 452 2921 ώς
473 2859 502 2917 δέ
523 2858 681 2936 Μαρδόνιος
705 2859 832 2929 ἀπέθανε,
854 2859 900 2918 καὶ
922 2860 955 2920 τά

155 2945 220 3022 περὶ
246 2949 349 3006 ἐκεῖνον
373 2947 550 3027 τεταγμένον,
575 2946 621 3006 ἐάν
645 2947 835 3025 ἰσχυρότατον,
864 2947 954 3022 ἔπεσε,

156 3030 227 3092 οὕτω
240 3032 274 3109 δῆ
289 3033 334 3092 καὶ
348 3035 375 3093 οἱ
388 3033 474 3093 ἄλλοι
494 3033 646 3111 ἐτράποντο
665 3036 711 3093 καὶ
725 3035 800 3104 εἶξαν
813 3039 890 3094 τοῖσι
898 3042 955 3094 Λα-

156 3120 365 3199 κεδαιμονίοισι·
379 3125 517 3182 πλεῖστον
526 3122 581 3204 γάρ
592 3129 684 3199 σφεας
695 3122 821 3199 ἐδηλέετο
831 3122 850 3199 ῆ
861 3125 955 3199 ἐσθῆς,

156 3213 258 3289 ἐρῆμος
271 3214 357 3270 ἐοῦσα
370 3209 475 3271 ὅπλων·
495 3210 566 3288 πράς
578 3213 634 3292 γάρ
648 3209 765 3275 ὁπλίτας
785 3210 874 3276 ἐόντες
886 3238 955 3294 γυμ-

155 3301 233 3376 νῆτες
255 3298 349 3381 ἀγῶνα
372 3303 525 3361 ἐποιεῦντο.
565 3298 705 3361 Ένθαῦτα
733 3298 753 3378 ἥ
772 3325 803 3359 τε
822 3298 885 3377 δίκη
906 3300 995 3362 τοῦδέ
