2294 3430
150 119 197 167 138
429 111 615 162 ἨΡΟΔΟΤΟΥ
874 111 948 176 [VII.

153 195 306 272 κατύπερθε
318 195 373 254 τῶν
386 193 481 254 ὅπλων
501 196 552 253 τοῦ
569 191 662 253 τόνου·
683 192 774 256 θέντες
793 194 823 252 δέ
843 193 949 270 ἐπεξῆς,

154 284 271 344 ἐνθαῦτα
295 281 371 345 αὖτις
394 281 584 362 ἐπεζεύγνυον·
612 279 781 357 ποιήσαντες
803 282 833 340 δέ
855 285 951 353 ταῦτα,

152 370 223 446 ὕλην
246 370 436 447 ἐπεφόρησαν·
458 371 555 449 κόσμῳ
576 371 605 430 δὲ
624 371 716 432 θέντες
735 370 780 428 καὶ
799 368 851 445 τήν
871 367 950 446 ὕλην,

152 463 206 539 γῆν
233 458 425 536 ἐπεφόρησαν·
456 458 655 526 κατανάξαντες
681 457 711 516 δὲ
738 458 784 515 καὶ
810 456 862 532 τήν
888 461 951 537 γῆν,

153 546 284 626 φραγμὸν
300 546 471 622 παρείρυσαν
484 546 559 605 ἔνθεν
572 545 619 603 καὶ
633 545 716 613 ἔνθεν,
732 545 775 603 ἵνα
787 543 827 620 μή
842 545 951 620 φοβέη·

152 661 198 694 ται
217 633 252 693 τοὶ
272 633 408 714 ὖποζίτγια
422 633 474 708 τήν
492 632 645 692 θάλασσαν
662 631 839 709 ὑπερορῶντα
858 632 904 690 καὶ
924 635 951 692 οἳ

154 723 243 780 ἵπποι.

105 811 143 870 37
192 809 240 874 Ὡς
261 811 290 870 δὲ
309 808 345 869 τά
363 835 395 869 τε
412 813 467 869 τῶν
478 809 622 890 γεφυρέων
635 806 843 868 κατεσκεύαστο
857 808 903 866 καὶ
915 807 952 868 τά

152 899 215 976 περὶ
231 898 280 958 τὸν
293 898 395 968 Ἄθων,
414 898 444 956 οἵ
458 924 488 957 τε
510 897 591 976 χυτοὶ
612 897 676 974 περὶ
695 895 731 955 τά
751 895 880 972 στόματα
900 901 951 972 τῆς

153 986 292 1066 διώρυχος,
308 986 348 1067 (οἳ
360 989 410 1062 τῆς
423 986 521 1065 ῥηχίης
534 985 635 1045 εἵνεκεν
654 983 827 1060 ἐποιήθησαν
849 985 892 1044 ίνα
909 984 950 1062 μὴ

152 1075 311 1152 πίμπληται
323 1073 359 1134 τοὶ
373 1074 502 1151 στόματα
514 1077 564 1134 τοῦ
585 1072 762 1154 ὀρύγματος)
777 1073 823 1131 καὶ
839 1071 909 1149 αὐτή
931 1073 950 1150 ἦ

152 1162 251 1240 διώρυξ
263 1163 418 1225 παντελέως
431 1163 603 1238 πεποιημένη
616 1159 748 1241 ἅγγελτο·
763 1160 880 1220 ἐνθαῦτα
893 1187 950 1240 χει-

151 1252 277 1328 μερίσας,
297 1251 355 1328 ἇμα
375 1255 413 1329 τῷ
432 1251 491 1326 ἔαρι
511 1248 774 1326 παρεσκευασμένος
795 1246 811 1307 ὅ
830 1249 951 1325 στρατός

152 1343 183 1397 ἐκ
200 1343 255 1399 τῶν
276 1339 399 1414 Σαρδίων
418 1338 531 1416 ὦρμᾶτο
550 1341 621 1396 ἐλῶν
641 1341 668 1398 ἐς
682 1335 818 1411 Ἄβυδον.
861 1335 951 1414 ὦρμη·

152 1427 225 1506 μένῳ
247 1426 278 1485 δέ
299 1429 325 1484 οἱ
347 1425 362 1485 ὁ
384 1424 464 1500 ἥλιος
488 1424 608 1485 ἐκλιπῶν
632 1423 683 1500 τήν
708 1428 737 1482 ἐκ
760 1427 810 1483 τοῦ
833 1422 951 1501 οὐρανοῦ

152 1514 233 1591 ἕδρην
253 1513 363 1589 ἀφανής
384 1512 426 1589 ἦν,
446 1512 502 1573 οὔτ’
524 1513 694 1588 ἐπινεφέλων
717 1512 823 1582 ἐόντων,
844 1513 952 1588 αἰθρίης

151 1627 183 1660 τε
200 1601 236 1661 τοὶ
253 1601 389 1678 μάλιστα·
411 1599 473 1661 α’ντὶ
492 1600 597 1678 ήμέρης
610 1627 640 1659 τε
657 1599 708 1668 νδξ
727 1598 952 1683 ἐγένετοῇδόντι
988 1589 996 1667 ζ

152 1689 182 1748 δέ
203 1690 248 1747 καὶ
269 1688 387 1764 μαθόντι
407 1691 491 1748 τοῦτο
512 1693 550 1768 τῷ
569 1687 660 1767 Ξέρξη
683 1690 811 1764 ἐπιμελὲς
833 1687 950 1768 ἐγένετο·

153 1777 199 1835 καὶ
226 1777 312 1854 εἴρετο
338 1775 403 1840 τούς
428 1776 535 1858 μάγους
560 1775 593 1836 τό
622 1776 701 1836 θέλοι
726 1776 899 1854 προφαίνειν
917 1769 951 1836 τό

153 1861 285 1944 φάσμαλ(
297 1867 323 1924 οἱ
344 1865 374 1924 δὲ
395 1866 515 1944 ἔφραζον
536 1865 571 1928 ὦς
589 1864 717 1940 Ἕλλησι
741 1863 912 1941 προδεικνύει
935 1865 951 1925 ὁ
998 1875 1012 1924 ,Γ

153 1954 215 2017 θεδς
242 1955 365 2033 ἔκλειψιν
391 1957 446 2014 τῶν
472 1954 591 2014 πολίων·
618 1954 748 2034 λέγοντες
773 1951 855 2027 ἥλιον
882 1951 951 2031 εἶναι

152 2040 297 2118 Ἑλλήνων
317 2041 497 2119 προδέκτορα,
511 2041 634 2117 σελήνην
655 2041 684 2098 δέ
704 2041 810 2116 σφέων·
831 2039 951 2117 πυθόμε-

4 2137 6 2210 ί
152 2156 198 2194 νος
219 2130 248 2189 δὲ
267 2134 355 2190 ταῦτα
376 2129 511 2208 ὄΞέρξης
523 2128 740 2208 περιχαρὴςέὠν
757 2129 879 2187 ἐποιέετο
900 2127 952 2204 τήν

4 2239 5 2272 ι
107 2219 144 2276 38
156 2219 263 2277 ἔλασιν.
304 2217 353 2281 Ὡς
374 2215 397 2275 δ’
416 2217 548 2292 ἐξήλαυνε
569 2217 621 2293 τήν
642 2215 784 2293 στρατιήν,
807 2215 951 2278 Πύθιοςὸ

152 2304 242 2368 Λυδός
269 2304 483 2383 καταρρωδήσας
508 2304 541 2363 τδ
570 2310 600 2362 ἐκ
626 2307 676 2364 τοῦ
703 2301 820 2382 οὐρανοῦ
848 2303 952 2382 φάσμα

154 2393 281 2469 ἐπαρθείς
303 2419 334 2452 τε
356 2397 433 2453 τοῖσι
456 2391 609 2470 δωρήμασι,
635 2392 723 2452 ἐλθῶν
745 2393 821 2469 παρά
846 2393 952 2470 Ξέρξεα

153 2481 233 2561 ἔλεγε
244 2480 319 2540 τάδε·
341 2479 388 2539 “ὦ
402 2480 534 2550 δέσποτα,
548 2471 659 2590 χρήιηάς
677 2479 711 2540 άν
730 2506 758 2540 τι
773 2485 820 2541 τεῦ
836 2482 951 2556 βουλοί-
982 2445 1143 2606 γίὲλ

732 2569 739 2590 Ι
799 2567 822 2594 ,λ

153 2595 210 2646 μην
222 2572 323 2648 τυχεῖν,
334 2569 369 2636 τδ
383 2569 432 2628 σοὶ
445 2570 496 2646 μέν
510 2569 637 2646 ἐλαφρον
649 2593 780 2649 τυγχανει
794 2595 839 2628 εον
852 2568 952 2647 ὖπουρ-

152 2660 249 2738 γῆσαι,
277 2657 339 2733 ἐμοὶ
366 2657 395 2716 δέ
420 2658 494 2738 μέγα
516 2651 709 2758 γενόμενοηὶγ
716 2650 822 2734 Ξέρξης
846 2657 875 2715 δέ
897 2661 953 2716 πᾶν
967 2635 1025 2770 μή

153 2749 265 2822 μᾶλλον
287 2745 387 2805 δοκέων
407 2771 456 2823 μιν
477 2745 605 2824 χρηίσειν
625 2744 644 2822 ἢ
664 2743 698 2804 τό
721 2744 827 2820 ἐδεήθη,
846 2743 901 2821 ἐφη
922 2770 953 2804 τε
1021 2751 1025 2762 ’

152 2831 340 2913 ὑπουργήσειν
361 2834 407 2892 καὶ
425 2832 593 2912 διαγορεύειν
611 2833 720 2892 ἐκέλευε
740 2831 802 2892 ὅτευ
817 2833 916 2892 δέοιτο·
937 2832 953 2892 ὁ

154 2921 184 2979 δέ
198 2921 260 2980 ἐπεί
269 2947 299 2980 τε
313 2925 401 2981 ταῦτα
416 2920 529 2996 ἤκουσε,
544 2921 623 3000 ἔλεγε
642 2920 790 2998 θαρσήσας
808 2921 884 2980 τάδε·
905 2919 954 2979 “ὧ

154 3008 286 3080 δέσποτα,
307 3009 481 3091 τυγχάνουσί
499 3033 549 3084 μοι
569 3007 664 3071 παῖδες
686 3008 775 3071 ἐόντες
795 3009 886 3076 πέντε,
908 3009 957 3066 καί

154 3104 246 3172 σφεας
260 3094 473 3175 καταλαμβάνει
492 3094 597 3158 πάντας
610 3095 669 3172 ἅμα
682 3097 730 3155 σοὶ
751 3095 954 3171 στρατεύεσθαι

155 3185 201 3242 ἐπὶ
221 3187 273 3262 τήν
289 3185 426 3246 Ἑλλάδα·
451 3181 489 3244 σδ
511 3183 548 3253 δέ,
571 3182 592 3241 ὦ
614 3185 748 3260 βασιλεῦ,
771 3185 820 3258 ἐμὲ
842 3187 869 3244 ἐς
889 3180 953 3241 τάδε

155 3268 263 3348 ἡλικίης
276 3273 379 3349 ἥκοντα
400 3272 541 3348 οἰκτείρας,
555 3273 610 3331 τῶν
623 3295 672 3347 μοι
685 3270 789 3330 παίδων
802 3269 850 3329 ἕνα
865 3266 953 3346 παροί-
