2240 3424
149 125 257 188 88-91]
459 123 647 173 κικιῑοιια.
898 125 946 174 ιιι

149 201 275 277 ἀληθέως
289 199 473 280 ἐπειγόμενος,
488 201 534 259 καὶ
546 200 598 276 τὴν
607 198 763 280 μεσόγαιαν
775 199 885 276 τάμνων
897 205 947 276 τῆς

149 286 224 348 ὁδοῦ·
246 288 291 346 καὶ
309 288 466 347 ἀπικνέεται
488 292 515 350 ἐς
535 287 693 360 Βυζάντιον,
717 287 877 347 καταλιπων
897 293 947 348 τοῦ

148 379 271 452 στρατοῦ
284 378 334 435 τοῦ
348 379 444 434 ἑαυτοῦ
458 375 578 454 συχνούς
588 373 643 434 ύπὸ
653 374 779 451 Θρηίκων
788 400 818 434 τε
832 401 943 436 κατακο·

147 463 248 525 πάντας
267 461 325 522 κατ’
338 461 411 536 ὁδᾶν,
426 463 473 520 καὶ
490 467 563 540 λιμῷ
581 459 740 524 συστάντας
758 461 804 520 καὶ
823 461 944 543 καμάτῳ·

149 553 179 608 ἐκ
200 549 350 621 Βυζαντίου
370 549 400 608 δὲ
421 549 502 625 διέβη
522 550 659 608 πλοίοισι.
701 547 782 613 οὗτος
804 551 857 627 μὲν
876 551 947 612 οὕτω

147 635 324 712 οἷπενόστησε
338 640 365 698 ἐς
378 635 430 711 τήν
442 635 551 711 Ἀσίην.

188 727 245 799 Τῆς
264 723 294 782 δέ
314 721 399 798 αὐτῆς
418 721 522 799 ἡμέρης
541 727 651 800 τῆσπερ
676 728 704 782 ἐν
725 727 889 802 Πλαταιῇσι
912 725 945 786 τά
955 729 993 786 90

146 815 243 887 τρῶμα
257 811 373 890 ἐγένετο,
388 810 559 886 συνεκύρησε
576 810 708 889 γενέσθαι
722 811 767 868 καὶ
781 815 810 869 ἐν
823 811 946 890 Μυκάλη

146 902 196 972 τῆς
216 896 328 973 Ἰωνίης.
371 897 430 955 ἐπεὶ
451 897 505 976 γάρ
526 896 560 971 δὴ
582 901 611 954 ἐν
626 899 662 973 τῇ
679 895 766 974 Δήλῳ
784 898 901 956 κατέατο
919 902 947 958 οἶ

141 978 280 1060 Ἓλληνες
293 987 320 1043 οἱ
335 989 363 1044 ἐν
376 988 445 1061 τῇσι
461 983 543 1058 νηυσὶ
562 981 620 1059 ἅμα
634 983 788 1062 Λευτυχιδη
807 987 846 1062 τῷ
858 991 946 1044 Λακε-

146 1072 277 1151 δαιμονίῳ
290 1071 461 1148 άπικόμενοι,
475 1069 565 1146 ἦλθόν
578 1077 634 1146 σφι
647 1069 764 1151 άγγελοι
777 1069 834 1130 άπὸ
849 1071 945 1148 Σάμου

145 1158 271 1235 Λάμπων
283 1185 314 1218 τε
327 1160 507 1237 Θρασυκλέος
521 1159 567 1217 καὶ
576 1156 766 1237 Ἀθηναγόρης
774 1156 946 1236 Ἀρχεστρα-

144 1246 224 1304 τίδεω
240 1247 286 1304 καὶ
302 1245 531 1327 Ἡγησίστρατος
543 1244 757 1326 Ἀρισταγόρεω,
771 1246 946 1322 πεμφθέντες

143 1331 200 1392 ῦπᾶ
214 1334 326 1410 Σαμίων
344 1333 437 1410 λάθρη
455 1337 510 1392 τῶν
525 1357 556 1391 τε
576 1333 709 1408 Περσέων
725 1333 771 1390 καὶ
787 1337 837 1391 τοῦ
849 1333 945 1410 τυράν-

144 1445 194 1480 νου
207 1420 404 1498 Θεομήστορος
421 1423 471 1480 τοῦ
490 1418 736 1496 Ἀνδροδάμαντος,
750 1419 799 1480 τόν
812 1419 944 1496 κατέστη-

144 1533 202 1568 σαν
225 1507 322 1584 Σάμου
348 1507 481 1583 τύραννον
510 1510 536 1566 οἱ
563 1507 684 1583 Πέρσαι·
720 1505 892 1568 ἐπελθόντων
915 1507 947 1580 δέ

144 1601 242 1671 σφεων
263 1595 309 1654 ἐπὶ
328 1595 392 1658 τοῦς
412 1594 595 1675 στρατηγούς,
617 1595 696 1675 ἔλεγε
718 1593 945 1676 Ἡγησίστρατος

143 1681 242 1742 πολλαὶ
254 1683 301 1740 καὶ
314 1685 442 1742 παντοῖα·
464 1680 547 1758 ὥςῆν
564 1683 668 1759 μοῦνον
681 1681 790 1743 ἴδωνται
803 1681 905 1746 ου’τοῦς
918 1687 944 1743 οἱ

140 1765 232 1833 Ἴωνες
252 1768 465 1846 ἀποστήσονται
485 1769 541 1828 α’πὸ
562 1769 703 1846 Περσέων,
718 1771 763 1828 καλ
783 1769 817 1832 ὥς
834 1772 860 1828 οἱ
873 1769 944 1848 βόρ-

143 1857 231 1932 βοροι
247 1855 297 1916 οῦκ
313 1855 509 1934 ῦπομενέουσι·
530 1855 564 1932 ἣν
583 1857 613 1914 δὲ
633 1857 678 1914 καὶ
696 1855 751 1933 ἄρα
766 1856 944 1933 ῦπομείνωσι,

82 1963 86 1972 ’
143 1941 195 2001 οῦκ
212 1944 306 2020 ἑτέρην
324 1943 413 2024 ἄγρην
433 1942 563 2019 τοιαύτην
580 1942 667 2020 εῦρεῖν
685 1941 719 2002 ἂν
737 1942 845 2005 αύτούς·
866 1943 945 2007 θεούς

142 2054 175 2088 τε
195 2029 302 2093 κοινοῦς
322 2029 489 2100 ἀνακαλέων,
510 2030 663 2108 προέτρεπε
683 2029 782 2092 αύτούς
801 2028 944 2104 ῥύσασθαι

141 2115 244 2194 ἄνδρας
265 2117 410 2193 Ἕλληνας
430 2123 460 2178 ἐκ
481 2116 654 2194 δουλοσύνης
673 2117 719 2176 καὶ
736 2117 879 2194 ἀπαμῦναι
895 2117 945 2178 τόν

142 2203 304 2282 βάρβαρον·
326 2203 437 2269 εῦπετές
449 2232 481 2266 τε
493 2205 613 2275 αὐτοῖσι,
628 2207 691 2281 ἔφη,
704 2209 792 2265 ταῦτα
805 2204 943 2284 γίνεσθαι·

142 2291 194 2356 τάς
205 2319 237 2353 τε
249 2292 304 2374 γάρ
318 2293 381 2357 νέας
393 2292 484 2352 αὐτῶν
497 2297 586 2356 κακῶς
598 2293 694 2352 πλέειν
706 2293 752 2350 καὶ
766 2289 815 2352 οῦκ
829 2291 943 2368 ἀξιομά-

142 2403 211 2456 χους
230 2381 347 2440 κείνοισι
362 2380 440 2440 εἶναι·
461 2378 543 2440 αῦτοί
557 2405 597 2448 τε,
616 2381 641 2438 εἶ
657 2405 684 2440 τι
699 2377 888 2438 ὑποπτεύουσι
902 2379 943 2456 μή

143 2466 217 2547 δόλῳ
230 2467 329 2531 αὐτούς
346 2467 505 2549 προάγοιεν,
520 2471 626 2544 ἐτοῖμοι
641 2467 711 2528 εἶναι
728 2472 758 2526 ἐν
775 2471 844 2546 τῇσι
861 2468 944 2543 νηυσὶ

142 2557 211 2630 τῇσι
224 2555 331 2616 ἐκείνων
344 2555 476 2636 α’γόμενοι
489 2553 589 2631 ὅμηροι
606 2554 684 2615 εἶναι.
724 2553 773 2618 Ὡς
788 2556 818 2614 δὲ
833 2555 943 2619 πολλὸς
952 2557 987 2614 91

142 2639 178 2715 ἦν
190 2641 362 2718 λισσόμενος
374 2642 391 2703 ὅ
405 2643 491 2712 ξεῖνος
504 2641 520 2702 ὁ
535 2640 648 2719 Σάμιος,
663 2643 751 2720 εἴρετο
764 2643 941 2722 Λευτυχίδης,

141 2727 198 2787 είτε
211 2729 344 2807 κληδόνος
358 2729 458 2790 εἵνεκεν
471 2730 561 2790 θέλων
577 2730 725 2800 πυθέσθαι,
739 2731 793 2790 εἴτε
810 2730 856 2788 καὶ
872 2730 942 2790 κατοὶ

143 2817 294 2895 συντυχίην
307 2818 372 2876 θεοῦ
385 2821 536 2880 ποιεῦντος·
557 2816 606 2876 “ὦ
618 2817 689 2886 ξεῖνε
700 2816 797 2893 Σάμιε,
810 2818 841 2876 τί
850 2841 895 2876 τοι
907 2815 941 2876 τῦ
971 2855 975 2862 ·

143 2900 282 2979 οὕνομα;”
301 2903 318 2963 ὁ
336 2904 366 2963 δέ
384 2903 452 2962 εἶπε·
475 2903 753 2984 “Ἡγησίστρατος·”
773 2903 789 2962 ό
806 2904 836 2962 δὲ
855 2902 941 2980 ῦπαρ-

141 2988 236 3054 πάσας
248 2989 298 3050 τόν
311 2991 458 3050 ἐπίλοιπον
471 2989 566 3072 λόγον,
581 2993 607 3051 εἴ
620 3017 682 3052 τινα
697 2991 803 3068 ὅρμητο
819 2991 912 3070 λέγειν
925 2989 942 3050 ά

140 3075 377 3156 Ἡγησίστρατος,
408 3078 477 3136 εἶπσ
512 3089 530 3115 “
539 3079 653 3156 δέκομαι
681 3077 732 3139 τόν
759 3077 862 3148 οίωνὸν,
892 3076 942 3137 τόν

140 3162 378 3246 Ἡγησίστρατον,
399 3165 421 3225 ὦ
441 3165 511 3236 ξεῖνε
532 3164 630 3243 Σάμιε·
664 3164 701 3226 σύ
716 3165 752 3226 1δέ
775 3163 842 3243 ἡμῖν
864 3165 963 3226 ποίεε*

140 3251 209 3316 ὅκως
222 3252 305 3318 αῦτός
322 3279 353 3322 τε
371 3253 435 3319 δούς
452 3253 548 3314 πίστιν
566 3251 767 3325 ἀποπλεύσεαι,
782 3253 828 3314 καὶ
848 3257 875 3314 οἱ
887 3252 941 3314 σῦν
