2204 3430
180 103 291 168 66-69]
527 105 640 154 υνκαο.
952 108 993 154 85·

178 185 319 261 βασιλεύς
339 183 398 245 α’ντ’
419 185 531 255 ἐκείνου,
544 185 658 264 πέμψας
677 182 728 246 τόν
748 184 914 262 θεράποντα,
936 187 982 246 ἐπὶ

179 272 285 353 γέλωτί
300 299 332 333 τε
350 273 397 332 καὶ
413 272 509 352 λάσθῃ
524 272 622 350 είράτα
639 272 689 334 τόν
703 273 873 358 Δημάρητον
886 273 980 336 ὁκοῖόν

180 385 207 418 τι
223 361 264 436 εἴη
278 360 311 420 τό
325 361 420 438 άρχειν
433 360 504 437 μετά
520 360 554 420 τό
572 361 755 438 βασιλεύειν;
777 360 795 421 ό
807 361 836 420 δέ
850 361 980 444 α’λγήσας

181 449 220 524 τῷ
234 447 435 526 ἐπειρωτήματι
449 447 509 506 εἴτε
523 447 579 524 φάς
593 447 675 511 αύτός
687 451 739 525 μὲν
752 447 919 527 άμφοτέρων
928 449 982 527 ἤδη

184 536 239 592 πέπ
280 535 376 610 ἣσθαι,
391 539 481 594 κεῖνον
494 535 523 594 δέ
537 534 579 595 ού·
619 535 671 612 τὴν
687 535 783 612 μέντοι
800 537 982 614 ἐπειρώτησιν

183 619 233 679 ra'
297 621 390 700 ἄρξειν
401 623 647 700 Λακεδαιμονίοισι
659 622 677 700 ἢ
689 624 790 702 μυρίης
800 625 950 702 κακότητος
962 625 981 704 ἢ

180 711 281 786 μυρίης
299 710 480 787 εύδαιμονίης.
521 715 610 770 ταῦτα
623 711 652 770 δέ
666 713 745 775 εἴπας
762 713 808 770 καὶ
826 717 979 774 κατακαλυ-

182 797 313 874 ψάμενος,
334 798 378 874 ἥϊε
402 803 432 858 ἐκ
453 802 503 858 τοῦ
526 799 642 876 θεήτρου
666 804 693 862 ἐς
715 799 750 859 τοὶ
773 803 873 860 ἑωυτοῦ
898 803 979 862 οἰκία·

181 884 280 944 αὐτίκα
290 885 319 944 δέ
329 886 615 964 παρασκευασάμενος
626 887 686 946 ἔθυε
696 891 734 964 τῷ
744 887 792 945 ΔιίΙ
802 889 882 962 βοῦν,
893 889 980 954 θύσας

182 973 218 1043 δὲ,
239 973 292 1049 την
311 977 418 1052 μητέρα
436 973 563 1034 ἐκάλεσε.
603 973 774 1052 Ἀπικομένῃ
795 973 824 1032 δέ
843 979 879 1053 τῇ
895 979 980 1056 μητρὶ
989 982 1027 1038 68
1062 965 1068 976 ’

181 1061 273 1124 ἐσθεὶς
290 1066 317 1126 ἐς
332 1063 382 1126 τοὶς
400 1061 496 1142 χεῖράς
514 1065 541 1121 οἱ
559 1065 613 1120 τῶν
630 1061 810 1142 σπλάγχνων,
825 1065 979 1125 κατικέτευε

180 1148 271 1228 λέγων
291 1149 394 1209 τοιάδε·
424 1149 471 1208 ’ίῶ
490 1153 589 1225 μῆτερ,
613 1149 682 1208 θεῶν
703 1175 738 1208 σε
757 1153 813 1210 τῶν
833 1175 864 1210 τε
884 1149 979 1213 ἄλλων

181 1237 388 1315 καταπτόμενος
406 1237 517 1298 ἱκετεύω
533 1238 647 1296 καὶτοῦ
665 1237 790 1314 Ἑρκείου
811 1238 879 1302 Διός
898 1243 979 1302 τοῦδε

181 1323 291 1399 φράσαι
305 1351 355 1402 μοι
372 1325 423 1402 τὴν
441 1325 587 1402 άληθηίην,
601 1325 642 1388 τίς
655 1351 707 1402 μευ
724 1327 784 1385 ἐστὶ
798 1327 891 1405 πατήρ
907 1329 980 1411 ὀρθῷ

180 1410 273 1491 λόγως
303 1414 473 1493 Λευτυχιδης
494 1415 545 1491 μέν
567 1412 622 1494 γοὶρ
645 1415 700 1490 ἔφη
723 1419 751 1474 ἒν
772 1419 849 1474 τοῖσι
875 1418 978 1478 νείκεσι

182 1499 277 1580 λέγων,
302 1501 438 1562 κυέουσάν
460 1528 495 1562 σε
516 1508 545 1561 ἐκ
565 1506 616 1562 τοῦ
637 1503 773 1580 προτέρου
792 1504 890 1581 α’νδρδς
908 1505 978 1566 οὕτω

180 1588 272 1648 ἐλθεῖν
292 1590 370 1667 παρά
386 1588 551 1667 Ἀρίστωνα·
573 1593 600 1649 οἱ
618 1590 648 1649 δέ
666 1591 712 1648 καὶ
730 1590 779 1650 τδν
795 1592 979 1670 ματαιότερον

181 1675 267 1752 λόγον
287 1680 417 1759 λέγοντες
435 1679 512 1754 φασί
526 1703 561 1738 σε
578 1679 670 1738 ἐλθεῖν
688 1677 766 1754 παρά
781 1683 836 1738 τῶν
854 1681 979 1742 οἰκετέων

178 1761 228 1822 τόν
240 1763 411 1843 ὀνοφορβόν,
426 1765 471 1824 καὶ
485 1769 533 1842 ἐμὲ
550 1765 619 1824 εἶναι
633 1765 736 1824 ἐκείνου
749 1767 844 1825 παῖδα.
875 1767 927 1848 ἐγιδ
942 1767 979 1828 ὦν

179 1877 214 1910 σε
226 1854 398 1933 μετέρχομαι
410 1858 465 1915 τῶν
479 1855 548 1914 θεῶν
561 1856 647 1912 εἰπεῖν
659 1852 692 1912 τό
707 1852 819 1928 άληθές·
841 1853 904 1914 ούτε
913 1855 977 1936 γάρ,

180 1941 268 2018 εἴπερ
282 1943 435 2019 πεποίηκάς
447 1969 475 2003 τι
487 1946 542 2002 τῶν
553 1941 718 2022 λεγομένων,
729 1940 818 2016 μούνη
833 1941 866 2015 δή
880 1945 977 2002 πεποί-

179 2021 247 2102 ηκας
259 2030 330 2106 μετὰ
339 2031 469 2090 πολλέων
482 2030 521 2089 δέ·
537 2027 594 2088 ὅτε
604 2026 690 2109 λόγος
702 2027 813 2091 πολλός
823 2033 852 2088 ἐν
862 2029 979 2110 Σπάρτῃ

180 2115 215 2178 οἷς
232 2115 382 2194 Ἀρίστωνι
402 2121 516 2196 σπέρμα
535 2116 701 2176 παιδοποιδν
722 2114 772 2174 ούκ
792 2119 866 2198 ἐνῆν·
888 2123 977 2179 τεκεῖν

178 2198 233 2282 γάρ
250 2203 283 2265 άν
301 2209 328 2266 οἶ
346 2207 393 2266 καὶ
408 2207 458 2269 τάς
475 2206 613 2284 προτέρας
629 2203 786 2284 γυναῖκας.”
826 2203 861 2264 ‘O
878 2208 930 2282 μὲν
943 2206 977 2282 δή
987 2211 1034 2268 69·

178 2297 293 2354 τοιαῦτα
319 2296 408 2376 ἔλεγε·
442 2293 462 2371 ἤ
489 2295 519 2354 δέ
545 2292 679 2370 ἀμείβετο
705 2293 810 2352 τοῖσδε·
842 2293 890 2352 (ίῶ
917 2298 976 2366 παῖ,

179 2382 268 2440 ἐπείτε
280 2408 316 2458 με
329 2386 428 2462 λιτῇσι
437 2383 584 2460 μετέρχεαι
598 2384 683 2440 εἰπεῖν
693 2380 745 2456 τήν
758 2379 905 2457 α’ληθηίην,
919 2387 976 2443 πᾶν

178 2472 215 2532 εἰς
228 2472 263 2528 σέ
276 2467 470 2548 κατειρήσεται
482 2469 612 2545 τάληθές.
649 2467 684 2530 ὥς
697 2495 733 2544 με
746 2468 867 2550 ἠγάγετο
881 2469 976 2547 Ἀρίσ-

177 2583 230 2616 των
244 2562 271 2622 ἐς
284 2562 393 2630 ἐωυτοῦ,
406 2560 483 2619 νυκτὶ
496 2557 576 2636 τρίτῃ
590 2555 646 2616 άπδ
660 2560 709 2631 τῆς
719 2556 830 2633 πρώτης
841 2557 916 2633 ἦλθέ
927 2585 977 2637 μοι

177 2644 282 2721 φάσμα
296 2645 436 2723 εἰδόμενον
447 2645 606 2724 Ἀρίστωνι·
620 2646 785 2720 συνευνηθὲν
799 2645 828 2704 δέ
837 2645 901 2709 τούς
914 2673 976 2707 στε-

177 2731 283 2804 φάνους
296 2732 343 2796 ούς
357 2733 415 2812 εἶχε
429 2735 491 2811 ἐμοὶ
504 2732 662 2810 περιετίθει·
684 2733 776 2792 καὶτὸ
789 2736 841 2810 μὲν
855 2733 976 2814 οίχοίκεε,

175 2816 226 2892 ἧκε
241 2817 270 2877 δὲ
282 2820 354 2894 μετὰ
366 2824 455 2880 ταῦτα
467 2820 615 2898 Ἀρίστων·
637 2819 671 2882 οἷς
685 2819 716 2878 δέ
726 2845 763 2896 με
782 2821 837 2880 εἶδε
855 2822 977 2898 ἔχουσαν

177 2905 342 2980 στεφάνους,
355 2906 452 2985 εἶράτο
465 2909 507 2972 τίς
520 2909 562 2984 εἴη
573 2907 589 2967 ὅ
599 2933 648 2984 μοι
659 2908 738 2976 δούς;
759 2907 812 2988 ἐγω
824 2907 853 2965 δὲ
864 2906 977 2982 ἐφάμην

177 2995 292 3054 ἐκεῖνον·
320 2993 336 3054 ὀ
357 2995 387 3054 δέ
411 2995 461 3055 οὐκ
484 2995 641 3055 ύπεδέκετο·
663 2993 717 3075 ἐγω
738 2995 767 3052 δὲ
794 2991 977 3068 κατωμνύμην

178 3081 290 3158 φαμένη
317 3080 402 3141 αὐτόν
436 3082 469 3140 ού
503 3085 595 3145 καλῶς
627 3083 732 3140 ποιέειν
762 3076 976 3152 ἀπαρνεόμενον·

177 3159 276 3243 ὀλίγον
295 3161 350 3243 γάρ
370 3186 399 3220 τι
419 3161 554 3238 πρότερον
574 3161 694 3222 ἐλθόντα
712 3160 758 3218 καὶ
776 3156 975 3229 συνευνηθέντα

177 3247 275 3310 δοῦναί
291 3275 342 3327 μοι
361 3246 427 3312 τούς
447 3247 614 3323 στεφάνους.
638 3246 723 3322 ὀρέων
739 3243 770 3302 δέ
786 3267 822 3320 με
844 3266 956 3318 κατομνι
