2204 3430
132 115 242 182 ιτ-οι]
430 135 434 142 ·
477 121 590 171 mm.
903 120 933 173 τι

130 222 168 260 τα
190 197 268 261 ἰθέως
286 197 432 275 Ἀθηναῖοι
452 200 593 270 ἐπεκέατο,
615 199 756 263 δοκέοντες
778 197 825 259 ἐπὶ
846 201 936 276 σφίσι

131 284 247 363 ἔχοντας
259 285 324 348 τούς
337 286 487 367 Αἰγινότας
501 286 645 347 δεδωκέναι
659 285 694 350 οἷς
707 284 767 364 ἅμα
779 289 817 367 τῷ
830 289 932 367 Πέρση

131 373 179 432 ἐπὶ
200 373 293 449 σφέας
316 372 529 451 στρατεύωνται·
555 374 601 433 καί
625 369 743 451 ἅσμενοι
769 375 933 453 προφάσιος

131 460 318 536 ἐπελάβοντο,
334 461 493 537 φοιτέοντές
509 487 540 521 τε
558 465 585 524 ἐς
603 461 655 538 τὴν
668 461 802 540 Σπάρτην
816 461 934 544 κατηγό-

129 574 196 624 ρεον
207 551 262 609 τῶν
275 548 444 630 Αἰγινητέων
462 547 498 608 τά
517 548 695 626 πεποιήκοιεν
715 548 865 627 προδόντες
881 550 933 627 τὴν

129 635 268 695 Ἑλλάδα.
310 636 389 713 Πρός
409 635 513 712 ταύτην
534 636 564 696 δέ
580 637 632 712 τήν
651 637 818 718 κατηγορίην
839 641 929 698 Κλεο-
940 641 979 699 50

128 724 215 800 μένης
232 722 487 801 ὄἈναξανδρίδεω,
502 723 642 801 βασιλεύς
660 723 711 785 ἐοίν
728 726 931 802 Σπαρτιητέων,

130 810 214 886 διέβη
229 816 256 874 ἐς
269 812 387 892 Αἴγιναν
399 810 575 889 βουλόμενος
591 813 751 888 συλλαβεῖν
765 813 932 894 Αἰγινητέων

129 897 196 961 τούς
221 897 407 962 αἰτιωτάτους·
435 898 470 962 ὦς
495 898 526 958 δὲ
553 901 681 976 ἐπειρᾶτο
711 899 931 975 συλλαμβάνων,

130 983 218 1046 ἄλλοι
235 1011 266 1046 τε
284 986 318 1062 δὴ
337 985 410 1066 αὐτῷ
424 987 548 1068 ἐγίνοντο
562 985 683 1055 ἀντίξοοι
696 989 751 1046 τῶν
764 987 932 1066 Αἰγινητέων

130 1077 160 1132 ἐν
178 1072 209 1132 δέ
228 1073 262 1149 δὴ
281 1073 327 1132 καί
341 1077 429 1151 Κρῖος
446 1072 463 1134 ὅ
479 1073 658 1150 Πολυκρίτου
675 1072 813 1150 μάλιστα·
834 1071 865 1136 ὃς
882 1071 932 1133 οὐκ

130 1161 186 1236 ἔφη
208 1160 293 1221 αὐτόν
311 1160 408 1221 οὐδένα
426 1159 501 1230 ἄξειν
519 1161 654 1240 χαίροντα
669 1160 846 1241 Αἰγινητέων·
867 1157 932 1220 ἄνευ

129 1247 185 1327 γάρ
203 1273 252 1324 μιν
266 1249 460 1325 Σπαρτιητέων
480 1251 531 1308 τοῦ
550 1251 642 1308 κοινοῦ
659 1247 764 1308 ποιέειν
779 1250 869 1307 ταῦτα
884 1246 932 1306 ὐπ’

128 1334 283 1411 Ἀθηναίων
301 1335 513 1417 ἀναγνωσθέντα
532 1335 671 1415 χρήμασι·
691 1333 751 1412 άμα
763 1334 818 1417 γάρ
833 1333 867 1396 όν
882 1359 932 1412 μιν

128 1427 168 1502 τῷ
188 1424 270 1504 ἑτέρῳ
290 1424 412 1500 βασιλέϊ
432 1422 552 1484 ἐλθόντα
564 1423 789 1502 συλλαμβάνειν·
811 1425 890 1505 ἔλεγε
902 1423 932 1483 δέ

128 1513 218 1570 ταῦτα
232 1512 262 1580 ἐξ
275 1515 429 1587 ἐπιστολῆς
441 1515 491 1588 τῆς
505 1511 687 1589 Δημαρήτου.
725 1512 888 1589 Κλεομένης
900 1511 930 1570 δέ

129 1595 353 1676 ἀπελαυνόμενος
368 1603 398 1658 ἐκ
411 1603 461 1675 τῆς
474 1600 597 1679 Αἰγίνης,
608 1599 696 1677 εἰρετο
708 1599 758 1660 τόν
771 1603 861 1677 Κρῖον
875 1599 891 1660 ὅ
903 1624 931 1660 τι

129 1687 158 1745 οἶ
171 1686 213 1762 εἰη
226 1685 259 1747 τό
274 1684 391 1764 οὐνομα;
414 1684 473 1748 εἰδὲ
486 1685 520 1747 τό
535 1687 580 1748 ἐὰν
591 1688 699 1764 ἔφρασέ
712 1691 747 1748 οἰ·
769 1687 930 1748 όδέΚλεο-

128 1774 214 1849 μένης
234 1775 306 1852 πρός
328 1772 412 1835 αὐτόν
435 1775 499 1852 ἔφη·
523 1774 601 1851 ((ἦδη
625 1779 673 1836 νῦν
697 1773 884 1853 καταχάλκου,
909 1772 931 1834 ὦ

129 1864 210 1938 Κριέ,
222 1862 259 1922 τά
272 1853 360 1940 κέρεα,
375 1862 411 1926 εἰς
424 1861 625 1940 συνοισόμενος
637 1861 751 1942 μεγάλῳ
765 1859 864 1940 κακῷ.”

169 1948 220 2010 Ἐν
238 1951 267 2009 δέ
288 1954 324 2029 τῇ
343 1949 459 2030 Σπάρτη
477 1955 577 2011 τοῦτον
596 1949 646 2010 τ’δν
664 1949 766 2028 χρόνον
785 1948 973 2024 ὐπομένωνὸἰ

129 2036 301 2114 Δημάρητος
319 2037 516 2115 όἈρίστωνος
537 2037 672 2113 διέβαλλε
692 2035 742 2096 τόν
758 2035 928 2111 Κλεομένεα,

130 2123 183 2184 ἐαίν
200 2124 339 2200 βασιλεύς
357 2127 404 2184 καὶ
422 2123 502 2189 οὗτος
516 2125 711 2202 Σπαρτιητέων
730 2124 815 2198 οἰκίης
834 2121 863 2181 δέ
880 2125 930 2199 τῆς
1011 2119 1015 2128 ’

128 2210 340 2290 ὐποδεεστέρης·
362 2212 420 2273 κατ’
433 2211 508 2274 άλλο
521 2214 573 2292 μέν
587 2209 665 2272 οὐδὲν
678 2210 929 2287 ὑποδεεστέρης,-

128 2298 188 2358 άπιί
201 2299 256 2382 γάρ
270 2305 321 2360 τοῦ
337 2299 423 2360 αὐτοῦ
435 2298 691 2382 γεγόνασι-κατά
708 2299 929 2378 πρεσβυγενείην

128 2387 162 2446 δέ
175 2413 227 2451 κως
239 2390 383 2466 τετίμηται
395 2393 508 2466 μθλλον
520 2387 540 2464 ἦ
553 2386 752 2465 Εὐρυσθένεος.
793 2387 926 2445 Λακεδαι-
937 2391 975 2445 52

127 2474 222 2552 μόνιοι
239 2475 294 2556 γείρ
315 2475 514 2557 ὁμολογέοντες
528 2473 618 2535 οὐδενὶ
631 2479 734 2552 ποιητῇ
747 2473 865 2554 λέγουσι
883 2473 929 2533 αὐ·

126 2561 180 2622 τόν
192 2561 407 2639 Ἀριστόδημον,
420 2563 470 2624 τόν
482 2561 693 2642 Ἀριστομάχου
707 2565 758 2623 τοῦ
772 2560 930 2620 Κλεοδαίου

127 2654 180 2709 τοῦ
192 2649 312 2720 Ὕλλου,
326 2650 517 2727 βασιλεύοντα
531 2655 651 2732 άγαγεῖν
669 2650 762 2726 σφέας
781 2653 808 2712 ἐς
825 2647 929 2724 ταύτην

126 2737 181 2812 τὴν
195 2738 292 2816 Ιχιόρήν
309 2739 361 2814 την
379 2741 427 2799 νῦν
446 2739 578 2810 ἐκτέαται,
594 2737 658 2796 ἀλλ’
673 2735 705 2797 οὐ
722 2737 787 2800 τούς
799 2734 929 2814 Ἀριστο-

128 2824 220 2901 δήμου
238 2826 347 2888 παῖδας·
367 2823 439 2902 μετά
454 2826 483 2885 δέ
495 2825 598 2904 χρόνον
614 2823 646 2885 οὐ
667 2825 786 2894 πολλόν,
799 2823 928 2901 Ἀριστο·

127 2911 208 2990 δήμῳ
227 2917 316 2972 τεκεῖν
333 2912 384 2988 τήν
404 2917 521 2993 γυναῖκα
536 2917 574 2991 τῇ
589 2911 694 2989 οὕνομα
708 2911 777 2970 εἶναι
788 2909 928 2988 Ἀργείην·

128 2999 269 3080 θυγατέρα
291 2999 320 3058 δὲ
342 2998 428 3074 αὐτην
452 2999 570 3080 λέγουσι
594 2999 663 3058 εἰναι
684 2997 857 3057 Αὐτεσίωνος
879 2998 930 3051 τοῦ

127 3090 293 3162 Τισαμενοῦ
310 3089 361 3147 τοῦ
379 3085 556 3162 Θερσάνδρου
580 3089 630 3145 τοῦ
652 3082 845 3142 Πολυνείκεος·
865 3077 929 3134 ταύ-

127 3199 182 3250 την
200 3174 229 3232 δέ
245 3178 334 3233 τεκεῖν
348 3173 457 3249 δίδυμα·
479 3173 607 3231 ἐπιδόντα
618 3172 650 3229 δέ
663 3169 712 3228 τόν
724 3162 928 3240 Ἀριστόδημον

127 3261 166 3321 ταὶ
187 3260 271 3321 τέκνα
292 3257 383 3335 νούσιρ
405 3261 546 3328 τελευτᾶν,
564 3251 797 3328 Λακεδαιμονίους
816 3247 846 3306 δέ
866 3247 918 3307 πού

133 3343 218 3394 IL-'l
