2204 3430
148 141 179 190 ιν
458 140 652 196 mmmmm,
836 137 837 140 ’
900 140 948 206 [ν.

146 219 323 300 στασιώτῃσι
335 219 386 283 τάς
398 219 487 299 α’ρχιὶς
506 220 660 299 ἐνεχείριζε.
689 219 904 297 άντισταθείσης
918 223 948 283 δὲ

145 313 196 385 τῆς
219 310 329 386 βουλῆς
357 308 402 366 καὶ
430 306 461 367 οὗ
485 308 663 385 βουλομένης
690 308 846 377 πείθεσθαι,
872 309 888 368 ό
916 338 948 372 τε

147 399 309 474 Κλεομένης
329 397 374 455 καὶ
393 396 408 456 ὁ
426 396 575 478 Ἰσαγόρης
592 396 638 456 καὶ
652 399 678 456 οἶ
689 400 846 456 στασιῶται
862 398 947 458 αότοῦ

145 485 399 564 καταλαμβάνουσι
422 485 473 562 τὴν
495 485 660 562 ἀκρόπολιν·
690 484 844 562 Ἀθηναίων
867 486 897 545 δὲ
918 488 945 547 οἱ

146 574 252 646 λοιποὶ,
274 574 309 635 τά
330 572 400 634 αθτά
424 573 616 651 φρονήσαντες
640 573 820 650 ἐπολιόρκεον
847 573 947 640 αότοθς

144 661 250 740 ἡμέρας
277 662 336 722 δύο·
365 665 401 741 τῇ
428 661 458 720 δὲ
483 663 562 740 τρίτῃ
586 661 762 722 ὑπόσπονδοι
787 661 947 741 ἐξέρχονται

146 755 176 808 ἐκ
208 756 258 827 τῆς
287 750 380 830 χάρης
410 748 475 810 ὅσοι
504 749 580 825 ἦσαν
606 748 697 809 αὐτῶν
723 749 945 826 Λακεδαιμόνιοι.

146 839 306 899 ἐπετελέετο
321 839 350 898 δὲ
368 842 406 918 τῷ
422 839 577 916 Κλεομένεϊ
590 837 609 914 ἦ
624 837 715 914 φήμη·
737 836 772 901 ὦς
785 836 841 920 χάρ
857 836 946 918 άνέβη

146 931 173 990 ἐς
185 925 237 1004 τῆν
251 926 405 1004 άκρόπολιν
416 928 530 1005 μέλλων
544 925 577 1001 δη
592 924 679 1002 αὐτὴν
690 924 892 1004 κατασχήσειν,
903 926 947 1004 ἤϊε

145 1018 173 1078 ἐς
192 1015 225 1076 τό
246 1015 346 1076 άδυτον
365 1019 416 1092 τῆς
439 1016 504 1076 θεοῦ
528 1014 563 1078 ὦς
583 1015 751 1092 προσερέων·
779 1013 799 1090 ἡ
820 1015 849 1072 δέ
872 1016 946 1094 ἶρηίη

144 1102 325 1172 ἐξαναστᾶσα
341 1109 370 1164 ἐκ
387 1107 437 1164 τοῦ
455 1103 555 1180 θρόνου
572 1103 638 1179 πρὶν
654 1099 672 1178 ἦ
688 1101 738 1166 ταὶς
758 1100 844 1179 θύρας
863 1102 947 1164 αὐτόν

144 1189 270 1270 ἀμεῖψαι,
293 1192 362 1251 εἶπε·
383 1191 404 1250 ὦ
426 1191 497 1261 ξεῖνε
518 1189 727 1266 Λακεδαιμόνιε,
742 1190 830 1250 πάλιν
850 1190 944 1270 χαίρει,

142 1277 206 1356 μηδ’
228 1281 302 1340 ἔσιθι
330 1279 357 1342 ἐς
383 1278 417 1339 τό
445 1277 513 1354 ἱρόν·
536 1277 569 1337 οὗ
589 1277 645 1359 γάρ
672 1277 785 1355 θεμιτόν
807 1283 947 1356 Δωριεῦσι

143 1368 271 1444 παριέναι
291 1365 434 1428 ἐνθαῦτα·”
464 1365 479 1426 ό
501 1366 530 1426 δὲ
549 1367 618 1426 εἶπε·
647 1365 694 1425 “ὦ
715 1366 805 1448 γύναι,
826 1367 892 1426 ἀλλ’
914 1369 946 1428 οὗ

146 1453 267 1532 Δωριεύς
287 1459 342 1532 εἶμι
360 1453 425 1514 ἀλλ’
439 1453 579 1534 Ἀχαιός.”
619 1454 636 1516 ὅ
653 1457 705 1532 μὲν
719 1453 753 1530 δὴ
766 1459 802 1533 τῇ
816 1455 947 1532 κλεηδόνι

144 1541 223 1602 οὐδὲν
255 1542 418 1622 χρεόμενος,
446 1541 612 1624 ἐπεχείρησέ
640 1569 671 1603 τε
695 1543 741 1602 καὶ
767 1543 832 1604 τότε
860 1544 947 1606 πάλιν

145 1629 274 1700 ἐξέπιπτε
294 1630 365 1708 μετά
384 1634 439 1692 τῶν
458 1631 690 1710 Λακεδαιμονίων·
711 1631 776 1695 τούς
795 1632 824 1690 δὲ
842 1631 948 1698 ἄλλους

144 1717 288 1794 Ἀθηναῖοι
307 1719 461 1795 κατέδησαν
478 1719 530 1796 την
544 1719 590 1780 ἐπὶ
608 1718 726 1799 θανάτῳ·
749 1718 778 1780 ἐν
792 1720 821 1779 δέ
836 1719 947 1780 αὐτοῖσι

146 1806 192 1864 καὶ
205 1807 377 1884 Τιμησίθεον
390 1806 440 1868 τόν
455 1807 581 1886 Δελφόν,
595 1811 646 1868 τοῦ
661 1809 729 1888 ἔργα
741 1810 843 1886 χειρῶν
856 1834 887 1868 τε
901 1809 947 1868 καὶ

144 1894 270 1972 λήματος
291 1894 378 1975 ἔχοιμ’
397 1893 430 1956 ἂν
451 1898 573 1979 μέγιστα
597 1895 757 1964 καταλέξαι.
799 1893 875 1955 οὗτοι
895 1897 948 1974 μέν

98 1981 135 2044 73
145 2008 193 2044 νυν
203 1983 342 2061 δεδεμένοι
353 1985 547 2062 ἐτελεύτησαν.
575 1983 720 2060 Ἀθηναῖοι
734 1981 763 2043 δὲ
776 1982 847 2061 μετά
859 1989 948 2044 ταῦτα

145 2073 320 2134 Κλεισθένεα
338 2073 384 2132 καὶ
396 2072 433 2133 ταὶ
447 2073 601 2134 ἑπτακόσια
619 2073 732 2134 ἐπίστια
745 2071 781 2132 τά
795 2072 947 2153 διωχθέντα

143 2157 197 2220 ὗπό
218 2163 394 2238 Κλεομένεος
414 2160 672 2240 μεταπεμψάμενοι,
693 2160 838 2236 πέμπουσι
863 2159 946 2242 α’γγέ-

144 2249 212 2310 λους
233 2252 260 2312 ἐς
274 2249 375 2328 Σάρδις
396 2241 561 2327 συμμαχίην
578 2246 751 2324 βουλόμενοι
771 2246 948 2322 ποιήσασθαι

144 2335 215 2413 πρός
234 2337 359 2414 Πέρσας·
386 2335 541 2412 η’πιστέατο
560 2334 615 2416 γάρ
634 2340 691 2409 σφι
711 2333 948 2408 Λακεδαιμονίους

144 2449 175 2484 τε
195 2425 241 2484 καὶ
258 2425 421 2502 Κλεομένεα
442 2422 703 2498 ἐκπεπολεμῶσθαι·
722 2419 897 2496 ἀπικομένων
918 2421 948 2481 δὲ

144 2515 200 2573 τῶν
218 2512 346 2594 ἀγγέλων
360 2516 387 2574 ἐς
406 2510 456 2574 τάς
477 2509 578 2586 Σάρδις
599 2508 645 2566 καὶ
666 2506 805 2588 λεγόντων
823 2507 859 2568 ταὶ
877 2512 947 2569 ἐντε·

144 2600 278 2677 ταλμένα,
290 2597 482 2675 Ἀρταφέρνης
495 2596 511 2657 ό
525 2596 711 2666 Ὑστάσπεος,
726 2595 849 2673 Σαρδίων
862 2595 948 2674 ὕπαρ·

145 2713 205 2766 χος,
230 2686 364 2762 ἐπειριίτα
384 2686 455 2749 τίνες
481 2685 572 2749 ἐόντες
596 2683 736 2763 άνθρωποι
764 2686 808 2745 καὶ
831 2689 872 2761 πῆ
895 2687 948 2767 γῆς

146 2773 286 2848 οἰκημένοι
299 2772 408 2834 δεοίατο
422 2773 555 2853 Περσέων
569 2773 716 2854 σύμμαχοι
728 2774 878 2856 γενέσθαι,
897 2801 948 2834 πυ·

147 2859 263 2936 θόμενος
289 2860 319 2920 δὲ
345 2861 416 2939 πρός
438 2866 493 2924 τῶν
520 2862 656 2946 ἀγγέλων,
681 2861 862 2940 ἀπεκορύφου
891 2869 947 2936 σφι

145 2945 220 3007 τάδε·
242 2951 266 3008 εἰ
285 2951 337 3027 μὲν
350 2950 459 3012 διδοῦσι
477 2953 598 3030 βασιλέϊ
612 2953 721 3034 Δαρείῳ
735 2951 880 3030 Ἀθηναῖοι
893 2953 948 3032 γῆν

145 3062 177 3096 τε
190 3036 236 3097 καὶ
250 3035 360 3117 ὕδωρ,ό
380 3039 409 3101 δὲ
429 3043 595 3124 συμμαχίην
616 3049 672 3120 σφι
694 3043 865 3103 συνετίθετο·
881 3037 947 3097 εἰδὲ

144 3124 186 3203 μή
207 3126 322 3205 διδοῦσι,
345 3128 589 3194 α’παλλάσσεσθαι
611 3131 710 3196 αὐτους
727 3133 847 3192 ἐκέλευε·
872 3130 899 3186 οἶ
918 3125 948 3185 δὲ

151 3213 262 3298 ἷγγελοι
279 3219 325 3280 ἐπὶ
346 3223 443 3298 σφέων
461 3221 551 3284 αὐτῶν
568 3224 727 3300 βαλόμενοι
754 3221 859 3280 διδόναι
881 3216 947 3292 ἔφα-

163 3327 209 3374 ἀν,
219 3306 390 3386 βουλόμενοι
406 3315 459 3386 τήν
475 3311 640 3390 συμμαχίην
654 3307 841 3384 ποιήσασθαι.
870 3299 947 3362 οὗτοι
