2204 3430
148 106 180 153 84
455 105 637 156 ἨΡΟΔΟΤΟΤ
886 103 948 167 [VI.

149 182 275 259 σαμένου
298 181 471 262 Δεικυχίδεω
495 183 646 262 Πέρκαλον
667 183 720 260 τήν
746 182 874 245 Χίλωνος
898 187 950 243 τοῦ

147 269 334 346 Δημαρμένου
352 270 498 350 θυγατέρα,
513 270 529 330 ὁ
547 269 715 348 Δημάρητος
733 268 948 346 ἐπιβουλεύσας,

147 355 299 434 ἀποστερεῖ
311 357 482 436 Λευτυχίδεα
494 363 544 418 τοῦ
557 358 658 438 γάμου,
673 356 789 434 φθάσας
801 355 885 420 αύτός
897 358 949 434 τήν

148 443 298 520 Πέρκαλον
315 444 445 522 ἁρπάσας
458 446 504 505 καὶ
517 445 596 525 σχών
608 447 735 526 γυναῖκα.
777 443 848 504 κατά
863 449 948 505 τοῦτο

147 532 199 606 μὲν
211 536 250 610 τῷ
262 531 418 610 Λευτυχίδῃ
431 532 449 608 ἦ
464 533 551 612 ἔχθρη
563 532 582 608 ἦ
597 538 624 596 ἐς
640 531 691 593 τόν
704 531 874 609 Δημάρητον
890 537 947 612 ἐγε-

145 617 234 699 γόνεε·
254 618 319 680 τότε
335 619 364 678 δὲ
379 624 409 678 ἐκ
421 623 472 696 τῆς
485 620 660 698 Κλεομένεος
672 620 829 697 προθυμίης
848 617 946 678 όΛευ-

144 705 259 785 τυχίδης
288 705 455 784 κατόμνυται
482 707 661 784 Δημαρήτου,
689 707 747 783 φάς
780 705 866 766 αὐτόν
896 705 947 766 ούκ

146 794 307 871 ἱκνεομένως
319 794 484 871 βασιλεύειν
496 795 690 872 Σπαρτιητέων
703 793 752 854 ούκ
767 792 847 854 ἐόντα
859 787 963 854 παῖδα

145 879 323 958 Ἀρίστωνος·
343 882 414 958 μετὰ
428 883 458 942 δὲ
470 881 523 958 τήν
537 883 715 958 κατωμοσίην
728 880 821 942 ἐδίωκε
838 879 946 941 οἷνασό-

147 968 200 1038 ζων
221 973 308 1029 ἐκεῖνο
328 969 362 1030 τό
384 971 449 1033 ἔπος
467 969 501 1030 τό
524 970 584 1030 εἶπε
596 969 740 1047 ,Ἀρίστων
761 966 832 1038 τότε,
852 967 899 1028 ὅτε
919 973 946 1029 οἱ

149 1055 292 1139 ἐξήγγειλε
306 1056 322 1118 ό
335 1057 442 1134 οἰκέτης
456 1058 543 1117 παῖδα
562 1058 713 1138 γεγονέναι,
727 1055 743 1116 ό
763 1056 792 1114 δέ
812 1057 946 1133 συμβαλ-

145 1143 278 1220 λεόμενος
290 1143 355 1208 τούς
367 1148 456 1220 μῆνας
466 1143 609 1220 ἀπώμοσε,
622 1143 678 1220 φάς
689 1141 738 1203 ούκ
753 1145 852 1202 immo&
866 1143 945 1203 εἴναι·

145 1231 245 1291 τούτου
268 1231 302 1308 δή
325 1231 496 1308 ἐπιβατεύων
517 1235 566 1291 τοῦ
587 1230 711 1310 βήματος
731 1229 748 1292 ό
766 1231 945 1309 Λευτυχίδης,

145 1317 282 1395 α’πέφαινε
302 1318 352 1378 τόν
366 1318 536 1396 Δημάρητον
556 1317 619 1378 ούτε
638 1318 668 1388 ἐξ
680 1317 849 1395 Ἀρίστωνος
864 1344 945 1399 γεγο-

145 1404 221 1478 νότα,
244 1404 307 1464 ούτε
329 1406 489 1481 ἱκνευμένως
509 1405 701 1482 βασιλεύοντα
720 1405 859 1483 Σπάρτης,
880 1405 946 1470 τούς

145 1491 265 1570 ἐφόρους
277 1490 419 1570 μάρτυρας
435 1493 624 1573 παρεχόμενος
645 1493 749 1556 κείνους
762 1492 790 1552 οἳ
801 1492 865 1553 τότε
887 1494 945 1553 ἔτυ-

145 1605 198 1659 χον
214 1579 349 1658 πάρεδροί
364 1605 396 1639 τε
412 1579 502 1658 ἐόντες
518 1581 564 1640 καὶ
582 1579 751 1645 ἀκούσαντες
764 1584 853 1641 ταῦτα
869 1579 944 1657 Ἀρί-

98 1669 136 1726 66
146 1692 261 1730 στωνος.
292 1666 381 1730 Τέλος
395 1667 432 1739 δὲ,
444 1667 543 1729 ἐόντων
555 1669 619 1746 περὶ
633 1667 723 1730 αύτῶν
736 1669 854 1730 νεικέων·
869 1667 946 1740 ἔδοξε

146 1755 340 1833 Σπαρτιήτῃσι
357 1755 516 1832 ἐπείρεσθαι
531 1756 564 1817 τδ
578 1755 751 1836 χρηστήριον
770 1755 803 1816 τό
824 1760 854 1815 ἐν
872 1759 943 1814 Δελ-

66 1873 70 1879 ·
103 1865 106 1872 ’
145 1845 229 1918 φοῖσι
243 1846 266 1902 εἰ
278 1843 446 1920 Ἀρίστωνος
460 1844 502 1921 εἴη
515 1848 580 1908 παῖς
593 1843 609 1904 ό
624 1842 803 1922 Δημόρητος;
819 1841 945 1921 ἅνῴστου

145 1930 175 1990 δὲ
194 1931 345 2012 γενομένου
369 1935 399 1990 ἐκ
420 1931 552 2012 προνοίης
573 1936 624 2009 τῆς
648 1930 823 2009 Κλεομένεος
845 1935 872 1994 ἐς
892 1928 945 2004 τήν

144 2019 263 2096 Πυθίην,
282 2009 400 2080 ἐνθαῦτα
417 2022 618 2098 προσποιέεται
636 2019 799 2096 Κλεομένης
819 2017 944 2093 Κόβωνα

145 2105 196 2166 τόν
204 2106 437 2185 Ἀριστοφάντου,
447 2107 533 2186 ἄνδρα
544 2113 573 2168 ἐν
582 2110 727 2182 Δελφοῖσι
740 2104 944 2166 δυναστεύοντα

143 2194 288 2274 μέγιστον·
310 2193 326 2253 ὁ
348 2191 377 2251 δὲ
399 2193 506 2270 Κόβων
530 2185 696 2270 Περίαλλαν
716 2192 769 2268 τήν
789 2191 944 2269 πρόμαντιν

144 2280 286 2342 ἀναπείθει
303 2279 340 2340 τό
354 2281 517 2357 Κλεομένης
536 2279 672 2357 ἐβούλετο
691 2279 827 2360 λέγεσθαι
839 2279 943 2358 λέγειν.

145 2366 216 2427 οὕτω
231 2367 274 2443 δή
297 2367 316 2442 ἡ
338 2367 441 2443 Πυθίη,
465 2366 672 2446 ἐπειρωτώντων
694 2369 749 2426 τῶν
771 2364 942 2442 θεοπρόπων,

144 2456 231 2532 ἔκρινε
238 2455 278 2532 μὴ
285 2453 454 2532 Ἀρίστωνος
462 2455 531 2516 εἶναι
540 2453 709 2531 Δημάρητον
718 2452 814 2514 παῖδα.
836 2451 944 2532 ύοτέρορ

79 2567 82 2573 ·
143 2543 239 2619 μέντοι
256 2540 348 2622 χρόνῳ
366 2541 514 2603 ἀνάπυστα
535 2543 643 2624 ἐγένετο
662 2544 759 2610 ταῦτα,
774 2539 819 2598 καὶ
838 2539 945 2615 Κόβων

143 2655 175 2691 τε
198 2631 285 2711 ἔφυγε
309 2634 339 2688 ἐκ
355 2632 483 2706 Δελφῶν
507 2632 553 2692 καὶ
572 2628 724 2706 Περίαλλα
745 2627 764 2706 ἦ
788 2626 944 2706 πρόμαντις

144 2716 273 2795 ἐπαύσθη
292 2721 343 2794 τῆς
361 2720 451 2795 τιμῆς.

98 2807 134 2868 67
177 2805 261 2867 Κατοὶ
286 2808 338 2883 μὲν
364 2805 399 2882 δή
426 2803 597 2884 Δημαρήτου
620 2803 673 2882 τήν
696 2804 872 2866 κατάπαυσιν
893 2806 945 2880 τῆς

143 2894 300 2973 βασιληίης
318 2893 388 2956 ούτω
406 2894 525 2976 ἐγένετο.
566 2893 666 2976 ἔφευγε
685 2893 715 2954 δὲ
731 2892 900 2973 Δημάρητος
914 2895 944 2950 ἐκ

144 2983 275 3063 Σπάρτης
293 2988 320 3048 ἐς
339 2982 453 3061 Μήδους
472 2988 502 3043 ἐκ
519 2982 628 3044 τοιοῦδε
649 2981 776 3049 ὀνείδεος·
803 2981 875 3060 μετὰ
893 2981 945 3054 τῆς

144 3073 301 3151 βασιληίης
317 3071 369 3150 τήν
387 3071 561 3133 κατάπαυσιν
575 3071 590 3133 ό
605 3071 775 3151 Δημάρητος
788 3071 858 3150 ἦρχε
871 3069 943 3144 αἶρε-

145 3162 202 3226 θεὶς
222 3159 320 3243 άρχήν.
361 3159 436 3238 ἦσαν
452 3163 505 3238 μὲν
522 3160 557 3238 δή
572 3160 778 3243 γυμνοπαιδίαι·
806 3154 944 3232 θεωμένου

145 3247 175 3308 δὲ
186 3254 237 3312 τοῦ
250 3248 431 3330 Δημαρήτου,
444 3247 643 3332 όΛευτυχίδης
661 3247 783 3331 γεγονός
796 3245 849 3322 ἤδη
862 3238 945 3302 affl&
