2280 3432
177 101 285 166 οο-ω]
452 97 453 100 ’
484 100 649 171 ῥοαιωιιιι.
928 99 975 148 235

178 181 292 258 ἔχοντας
315 185 345 240 ἐν
368 182 491 259 φυλακῇ,
513 179 550 240 τό
577 179 607 238 δὲ
629 178 707 238 ἅλλα
730 178 850 239 ἀπιέναι·
890 184 978 253 ταῦτα

177 266 388 346 πυνθανόμενοι,
403 266 473 327 οὕτω
490 267 523 343 δή
541 265 774 345 προσεδεήθησόν
787 273 883 343 σφεων
897 269 978 344 σχεῖν

178 355 249 432 πρός
260 355 312 432 τήν
326 357 483 432 Σαλαμῖνα.
525 359 562 416 Οἱ
576 359 629 432 μὲν
642 356 676 432 δή
693 353 779 414 ἄλλοι
795 355 933 433 κατέσχον
952 359 978 418 ἐς
987 357 1023 414 41

177 443 230 518 τήν
243 445 398 521 Σαλαμῖνα,
412 443 557 520 Ἀθηναῖοι
573 445 602 504 δὲ
620 449 647 507 ἐς
662 443 714 519 τήν
727 447 844 504 ιέωυτών·
865 441 938 520 μετὰ
950 442 980 501 δέ

177 530 231 606 τήν
250 530 345 602 ἄπιξιν
364 531 493 613 κήρυγμα
512 531 691 608 ἐποιήσαντο,
711 531 865 608 Ἀθηναίων
883 533 920 609 τῇ
938 556 981 593 τις

179 618 292 680 δύναται
304 619 403 691 σώζειν
412 618 448 680 τό
457 619 539 679 τέκνα
551 646 582 680 τε
595 621 641 678 καὶ
651 621 715 683 τούς
725 621 840 684 οἰκέτας·
862 619 980 678 ἐνθαῦτα

180 710 207 765 οἱ
224 709 277 782 μέν
289 709 430 769 ,πλεῖστοι
450 711 477 769 ἐς
496 709 634 784 Τροιζῆνα
654 706 832 778 ἀπέστειλαν,
856 709 883 766 οἱ
903 705 933 765 δὲ
953 711 980 769 ἐς

180 793 305 873 Αἴγιναν,
326 795 353 853 οἳ
380 794 409 853 δέ
435 798 462 856 ἐς
482 795 640 869 Σαλαμῖνα.
682 795 824 854 ἔσπευσαν
844 795 981 854 δὲταῦτα

179 879 359 951 ὑπεκθέσθαι,
373 885 411 959 τῷ
422 882 583 959 χρηστηρίῳ
596 907 627 938 τε
636 881 809 956 βουλόμενοι
821 881 982 957 ῦπηρετέειν

180 969 226 1027 καὶ
249 967 284 1043 δή
309 968 355 1027 καὶ
376 968 458 1027 τοῦδε
481 968 570 1028 εἵνεκα
591 967 640 1026 οὐκ
663 967 775 1044 ἥκιστα·
815 970 933 1049 λέγουσι
954 973 981 1028 οἱ

179 1057 331 1131 Ἀθηναῖοι,
350 1054 417 1131 ὅφιν
437 1055 527 1137 μέγαν
548 1055 733 1132 φύλακαπής
752 1053 921 1132 ἀκροπόλιος
941 1061 980 1115 ἐν-

180 1143 350 1204 διαιτέεσθαι
367 1148 396 1203 ἐν
410 1149 448 1222 τῷ
464 1146 522 1222 ἱρῷ·
542 1144 663 1224 λέγουσί
677 1169 708 1204 τε
722 1147 811 1203 ταῦτα
825 1142 871 1201 καὶ
886 1142 920 1218 δή
935 1144 981 1202 καὶ

180 1230 216 1293 ώς
238 1230 312 1291 ἐόντι
334 1231 465 1308 ἐπιμήνια
486 1232 662 1292 ἐπιτελέουσι
682 1231 877 1312 προτιθέντες·
901 1230 937 1290 τό
958 1229 981 1290 δ’

181 1319 312 1396 ἐπιμήνια
332 1319 508 1398 μελιπόεσσοί
530 1324 600 1379 ἐστι·
625 1318 694 1394 αὕτη
715 1317 738 1378 δ’
760 1318 779 1394 η’
798 1317 981 1395 μελιτόεσσα,

180 1412 210 1468 ἐν
229 1412 268 1486 ,τῷ
287 1407 413 1486 πρόσθεν
434 1408 487 1467 αἰεὶ
507 1407 599 1488 χρόνῳ
620 1406 847 1494 ἅναισιμουμέιη,
864 1405 927 1467 τότε
947 1405 982 1481 ἦν

180 1494 335 1574 ἄψαυστος·
356 1497 524 1576 σημηνάσης
539 1497 569 1556 δέ
586 1499 675 1556 ταῦτα
691 1500 742 1572 τῆς
761 1495 853 1573 ἱρείης,
869 1492 983 1572 μᾶλλόν

178 1609 207 1643 τι
233 1587 261 1644 οἱ
286 1585 430 1662 Ἀθηναῖοι
457 1586 503 1644 καὶ
533 1584 742 1663 προθυμότερον
774 1584 902 1654 ἐξέλιπον
931 1581 983 1658 τήν
1050 1629 1052 1633 ,

179 1672 272 1743 πόλιν,
297 1673 333 1738 ώς
349 1675 402 1734 ’καὶ
423 1677 476 1750 τῆς
498 1674 563 1735 θεοῦ
586 1671 805 1748 α’πολελοιπυίης
827 1671 880 1748 τήν
901 1669 982 1748 α’κρό·

179 1764 273 1822 πολιν·
294 1762 330 1825 ώς
350 1763 382 1822 δέ
401 1768 459 1838 σφι
478 1761 571 1836 πᾷντα
589 1761 755 1834 ὖπεξέκειτο,
773 1761 881 1821 ἔπλωον
902 1764 930 1822 ἐς
949 1757 983 1818 τό

180 1848 380 1924 στρατόπεδον.

212 1934 292 1994 Ἐπεὶ
305 1936 335 1994 δέ
348 1939 376 1994 οἱ
388 1935 435 1994 ἀπ’
448 1935 629 2012 Ἀρτεμισίου
642 1941 671 1998 ἐς
684 1937 833 2011 Σαλαμῖνα
844 1935 982 2011 κατέσχον
990 1935 1029 1994 42

179 2021 229 2084 τοὶς
247 2022 317 2090 νέας,
332 2022 463 2098 συνέρρεε
476 2023 522 2079 καὶ
536 2021 662 2083 ὁλοιπδς
679 2019 885 2096 πυνθανόμενος
899 2020 914 2078 ὁ
927 2025 982 2081 τῶν

179 2106 325 2184 Ἑλλήνων
345 2108 472 2170 ναυτικὰς
493 2107 613 2184 στρατός
635 2112 666 2165 ἐκ
690 2107 847 2183 Τροιζῆνος·
877 2112 904 2170 ἐς
926 2106 981 2188 γοῖρ

180 2196 308 2278 Πώγωνα
316 2195 366 2258 τόν
375 2194 541 2272 Τροιζηνίων
550 2196 652 2270 λιμένα
665 2196 813 2273 προείρητο
824 2196 980 2276 συλλέγεσ-

180 2285 237 2346 θαι·
258 2283 472 2364 συνελέχθησάν
489 2309 521 2344 τε
539 2283 574 2361 δή
587 2288 688 2364 πολλῷ
701 2287 817 2347 πλεῦνες
837 2285 895 2347 νέες
908 2281 926 2359 ή
940 2282 982 2342 ἐπ’

179 2372 347 2454 Ἀρτεμισίῳ
369 2372 548 2452 ἐναυμάχεον,
573 2374 619 2432 καὶ
642 2372 697 2432 οἷπό
720 2372 827 2432 πολίων
847 2371 979 2432 πλεόνων.

180 2462 318 2541 ναύαρχος
334 2463 387 2540 μέν
399 2487 448 2522 νυν
461 2466 532 2538 ἐπῆν
545 2460 631 2524 ώυτός
644 2461 734 2538 ὅσπερ
749 2459 791 2518 ἐπ’
804 2459 979 2539 Ἀρτεμισίῳ,

180 2548 357 2626 Εὐρυβιάδης
379 2550 396 2611 ό
419 2549 617 2628 Εὐρυκλείδεω,
645 2549 714 2627 ἀνήρ
743 2549 920 2627 Σπαρτιήτης
948 2547 980 2608 οὗ

180 2636 275 2711 μέντοι
287 2637 381 2718 γένεός
393 2665 427 2719 γε
440 2643 490 2699 τοῦ
508 2637 665 2715 βασιληίου
684 2638 743 2697 ἐών·
764 2639 828 2701 νέας
841 2637 870 2696 δέ
882 2640 982 2715 πολλῷ

181 2725 318 2788 πλείστας
329 2751 361 2785 τε
374 2727 420 2786 καὶ
434 2726 536 2804 ἄριστα
554 2727 705 2791 πλωοιίσας
718 2727 884 2805 παρείχοντο
897 2725 980 2802 Ἀθη·
1042 2763 1048 2769 ·

181 2813 263 2870 ναῖοι.
291 2811 511 2890 Ἐστρατεθοντο
524 2815 554 2874 δέ
568 2815 634 2874 οἶδε·
649 2819 679 2874 ἐκ
687 2817 739 2891 μὲν
749 2813 979 2889 Πελοποννήσου,
989 2813 1027 2872 43

181 2898 395 2976 Λακεδαιμόνιοι
402 2901 545 2961 ἑκκαίδεκα
552 2906 620 2979 νῆας
629 2902 824 2982 παρεχόμενοι·
835 2901 981 2978 Κορίνθιοι

199 2987 212 3044 ἐ
228 2985 262 3046 τό
281 2985 350 3047 αὐτό
362 2988 503 3066 πλήρωμα
520 2990 707 3069 παρεχόμενοι
720 2989 753 3049 τό
772 2991 819 3048 καὶ
832 2989 874 3048 ἐπ’
886 2989 980 3066 Ἀρτε-

180 3075 276 3154 μισίῳ·
298 3075 440 3140 Σικυώνιοι
459 3077 489 3135 δὲ
506 3077 701 3138 πεντεκαίδεκα
718 3077 885 3156 παρείχοντο
902 3081 979 3152 νῆας·

180 3160 355 3243 Ἐπιδαύριοι
367 3163 397 3223 δέ
410 3163 485 3223 δέκα·
505 3165 661 3242 Τροιζήνιοι
673 3164 703 3224 δὲ
715 3165 806 3224 πέντε·
822 3163 980 3249 Ἑρμιονέες

181 3249 212 3312 δὲ
222 3255 306 3333 τρεῖς·
326 3253 416 3316 ἐόντες
428 3249 515 3324 οὗτοι,
527 3252 606 3329 πλήν
621 3252 796 3331 Ἑρμιονέων,
811 3251 936 3330 Δωρικόν
947 3277 977 3313 τε
