2240 3424
157 59 266 123 20-25]
450 51 637 102 ΚιΔΛιοΠΗ.
910 57 958 104 ιιι

157 163 189 198 τε
202 138 236 215 δή
250 139 336 198 ἵππον
349 134 433 196 αὐτοῦ
444 129 629 208 λαμβάνουσι
639 133 685 192 καὶ
694 131 779 194 αύτόν
788 131 960 212 ἀμυνόμενον

159 228 306 294 κτείνουσι,
321 220 379 283 κατ’
393 219 482 300 ἀρχάς
495 217 528 279 ού
539 217 693 296 δυνάμενοι·
711 219 895 282 ἐνεσκεύαστο
904 220 960 303 γάρ

160 310 239 371 οὕτω·
262 311 338 375 ἐντός
354 309 465 386 θώρηκα
484 307 542 386 εἶχε
559 307 681 386 χρύσεον
695 309 859 370 λεπιδάτον·
881 308 960 368 κατύ·

160 401 246 476 περθε
265 401 295 459 δὲ
314 402 364 461 τοῦ
387 397 510 474 θώρηκος
528 397 630 456 κιθῶνα
650 400 791 473 φοινίκεον
814 396 960 458 ε’νδεδύκεε·

160 487 309 552 τύπτοντες
326 489 356 547 δὲ
372 491 400 550 ές
415 485 465 545 τόν
482 484 600 562 θώρηκα,
616 486 724 545 ε’ποίευν
740 485 828 546 οὐδέν·
850 487 915 564 πρίν
927 511 961 567 γε

162 573 195 650 δή
207 575 305 651 μαθών
317 601 359 638 τις
372 573 405 634 τὸ
419 571 590 648 ποιεύμενον,
601 573 676 632 παίει
688 599 737 652 μιν
752 578 779 638 ές
791 575 842 636 τόν
852 575 961 652 ὀφθαλ-

160 660 224 737 μόν·
246 660 317 722 οὕτω
334 661 368 737 δή
387 659 471 722 ἔπεσέ
485 684 516 718 τε
531 660 577 717 καὶ
590 658 720 720 ἀπέθανε.
760 660 848 723 ταῦτα
862 663 894 723 δέ
910 688 962 726 κως

161 748 294 827 γινόμενα
322 747 454 822 ε’λελήθεε
473 745 539 808 τούς
559 745 664 810 ἀλλους
686 749 794 812 ἱππέας·
824 750 962 832 οὔτεγὰρ

162 835 287 896 πεσόντα
296 861 345 912 μιν
356 835 428 894 εἶδον
441 832 498 892 ἀπό
508 837 558 892 τοῦ
570 834 656 894 ἵππου
667 834 729 894 οὔτε
739 835 961 913 ἀποθνήσκοντα·

163 920 356 1003 ἀναχωρήσιός
368 947 399 982 τε
411 921 557 1003 γινομένης
570 922 616 979 καὶ
633 921 818 1000 ὑποστροφῆς
836 924 886 983 οὐκ
900 927 963 1002 ἔμα-

164 1011 214 1071 θον
234 1011 267 1072 τό
291 1010 448 1092 γενόμενον,
466 1009 527 1068 ε’πεί
540 1034 571 1068 τε
589 1009 619 1067 δὲ
638 1010 770 1084 ἔστησαν,
788 1011 886 1070 αύτίκα
900 1012 962 1072 ε’πό-

164 1098 259 1169 θεσαν,
278 1098 314 1162 ὥς
330 1105 422 1175 σφεας
439 1096 526 1160 οὐδεὶς
544 1095 579 1174 ἦν
596 1095 611 1156 ὁ
631 1096 755 1158 τάσσων·
780 1098 915 1175 μαθόντες
934 1101 963 1160 δὲ

163 1186 196 1248 τά
215 1187 338 1267 γεγονὸς,
360 1184 606 1262 διακελευσάμενοι
629 1184 751 1262 ἤλαυνον
774 1187 839 1250 τούς
864 1189 964 1251 ἵππους

165 1273 272 1344 πάντες,
287 1273 322 1337 οἷς
335 1271 369 1334 ἂν
381 1273 431 1333 τόν
443 1299 477 1354 γε
490 1270 587 1350 νεκρόν
604 1271 761 1349 ἀνελοίατο.
802 1273 919 1339 Ἰδόντες
935 1276 964 1334 δὲ
972 1279 1011 1334 23

164 1364 192 1421 οἶ
204 1361 347 1438 Ἀθηναῖοι
360 1360 451 1421 ούκέτι
465 1359 535 1420 κατά
548 1361 632 1420 τέλεα
645 1361 889 1438 προσελαύνοντας
901 1362 965 1427 τούς

165 1451 272 1523 ἱππέας,
288 1448 353 1509 ἀλλ’
368 1447 428 1527 ἅμα
446 1448 559 1520 πάντας,
573 1448 625 1526 τήν
641 1448 734 1526 ἀλλην
751 1450 887 1528 στρατιήν
905 1456 964 1510 ε’πε-

163 1538 308 1615 βάσαντο·
337 1544 366 1598 ε’ν
386 1535 407 1618 ᾧ
428 1537 457 1598 δὲ
474 1537 489 1599 ό
506 1537 589 1610 πεζός
607 1537 680 1602 άπας
700 1538 813 1615 ε’βιίθεε,
830 1544 859 1600 ε’ν
876 1539 964 1620 τούτῳ
986 1591 994 1605 ,

163 1625 241 1706 μάχη
258 1627 335 1698 ὀξεῖα
350 1626 414 1704 περὶ
430 1623 481 1686 τού
504 1630 602 1704 νεκροῦ
623 1627 738 1708 γίνεται.
780 1627 829 1691 ἕως
846 1628 898 1706 μέν
917 1653 965 1690 νυν

163 1720 261 1792 μοῦνοι
279 1714 355 1792 ἦσαν
369 1718 396 1774 οἳ
408 1711 573 1794 τριηκόσιοι,
588 1714 726 1776 ἑσσοῦντό
741 1741 772 1776 τε
787 1715 898 1777 πολλόν
919 1716 965 1776 καὶ

163 1801 214 1870 τόν
227 1803 323 1880 νεκρόν
333 1801 496 1862 ἀπέλειπον·
514 1801 550 1866 αἷς
563 1802 593 1862 δέ
607 1809 663 1878 σφι
675 1803 708 1862 τό
722 1805 832 1880 πλῆθος
845 1803 964 1881 ἐπεβοή-

165 1890 265 1965 θησαν,
279 1890 350 1950 οὖτω
360 1890 394 1964 δή
406 1889 497 1948 οὐκέτι
508 1893 535 1948 οἳ
550 1889 665 1948 ἱππόται
674 1888 818 1966 ύπέμενον,
834 1891 897 1950 οὐδέ
909 1897 966 1968 σφι

166 1977 305 2056 ἐξεγένετο
322 1975 373 2036 τόν
391 1974 488 2052 νεκρόν
503 1975 664 2035 ἀνελέσθαι·
689 1975 766 2036 α’λλά
783 1977 854 2054 πρός
874 1979 966 2058 ε’κείνῳ

166 2061 273 2127 ἀλλους
290 2061 514 2142 προσαπάλεσαν
531 2066 586 2123 τῶν
600 2063 713 2124 ἱππέων.
754 2064 966 2141 ἀποστήσαντες
1001 2057 1003 2064 ¹

166 2149 203 2212 ὧν
219 2150 289 2212 ὅσον
306 2178 338 2212 τε
356 2150 406 2212 δύο
424 2149 533 2226 στάδια,
549 2150 733 2227 ἐβουλεύοντο
749 2150 765 2212 ὅ
782 2153 910 2231 τιχρεόν
924 2154 965 2230 εἴη

165 2242 269 2302 ποιέειν
274 2268 282 2312 ;
304 2240 395 2301 ἐδόκεε
409 2241 440 2301 δέ
452 2246 517 2317 σφι,
532 2239 664 2319 ἀναρχίης
678 2240 786 2318 εὀύσης,
800 2240 966 2302 ἀπελαύνειν

165 2329 243 2408 πυροὶ
258 2329 424 2408 Μαρδόνιον.
466 2327 651 2404 Ἀπικομένης
668 2328 697 2388 δὲ
714 2333 764 2404 τῆς
784 2329 870 2389 ἵππου
889 2333 916 2393 ἐς
932 2328 1013 2390 τό24
1034 2383 1046 2406 ‚

166 2419 364 2496 στρατόπεδον,
388 2417 489 2481 πένθος
513 2415 681 2492 ἐποιήσαντο
702 2419 866 2478 Μασιστίου
886 2418 966 2478 πᾶσά

165 2531 197 2565 τε
219 2505 238 2582 ή
262 2506 380 2585 στρατιή
403 2506 450 2566 καὶ
472 2503 631 2584 Μαρδόνιος
653 2505 797 2588 μέγιστον,
820 2507 913 2583 σφέας
935 2533 966 2568 τε

166 2591 265 2656 αύτούς
281 2594 416 2671 κείροντες
434 2594 479 2654 καὶ
497 2593 562 2656 τούς
580 2593 680 2658 ἵππους
700 2596 746 2654 καὶ
765 2593 801 2654 τοὶ
821 2594 964 2676 ὑποζύγια,

167 2684 274 2762 οἰμωγῇ
300 2708 331 2742 τε
357 2681 509 2760 χρεόμενοι
535 2681 656 2762 ἀπλέτῳ·
692 2681 806 2743 ἅπασαν
831 2682 886 2765 γάρ
914 2682 966 2760 τήν

166 2771 302 2846 Βοιωτίην
321 2773 431 2848 κατεῖχε
447 2770 517 2848 η’χιύ·
539 2770 574 2833 οἷς
591 2769 689 2847 ἀνδρός
705 2770 882 2847 ἀπολομένου
895 2769 967 2848 μετά

165 2883 200 2938 γε
220 2857 380 2934 Μαρδόνιον
401 2857 594 2938 λογιμωτάτου
615 2858 692 2935 παρά
711 2885 743 2920 τε
767 2860 899 2938 Πέρσησι
921 2859 967 2918 καὶ

166 2945 296 3021 βασιλέϊ.
338 2947 375 3004 Οἶ
392 2946 445 3022 μέν
461 2971 509 3005 νυν
522 2945 668 3023 βάρβαροι
681 2947 775 3025 τρόπῳ
788 2951 826 3024 τῷ
839 2947 1013 3026 σφετέρῳ25

167 3031 344 3094 ἀποθανόντα
364 3032 464 3111 ἐτίμων
480 3035 652 3094 Μασίστιον·
680 3037 706 3093 οἱ
725 3033 755 3092 δὲ
767 3033 914 3110 Ἕλληνες,
932 3033 966 3097 ὦς

168 3121 218 3199 Ιτήν
236 3123 322 3184 ἵππον
343 3121 470 3193 ἐδέξαντο
487 3121 735 3200 προσβάλλουσαν
756 3124 802 3182 καὶ
823 3122 965 3199 δεξάμενοι

167 3209 285 3281 ὤσαντο,
306 3209 469 3285 ε’θάσσησάν
486 3236 517 3269 τε
540 3213 640 3287 πολλῷ
661 3214 782 3286 μᾶλλον,
804 3212 850 3270 καὶ
868 3213 966 3288 πράντα
