2204 3430
153 87 260 154 37-40]
455 87 658 138 ΤΕΝΙΧΟΡΗ.
921 87 951 140 17

153 167 282 236 ἐξεδίδου,
295 165 386 226 ἄλλον
399 169 426 230 ἐς
441 165 534 243 ἄλλην
546 166 631 228 πόλιν
647 165 814 244 παραδιδοῦς
833 165 897 228 ὅθεν
911 167 953 244 εἴη

153 255 279 330 ἕκαστος.
307 253 391 330 Κόην
400 255 452 331 μέν
461 280 510 314 νυν
518 257 706 330 Μυτιληναῖοι
717 257 779 316 ἐπεί
788 280 819 315 τε
829 253 952 333 τάχιστα
961 257 1000 314 38

89 385 94 404 ι
152 343 326 419 παρέλαβον,
338 343 519 422 ἐξαγαγόντες
532 343 713 402 κατέλευσαν·
731 347 854 419 Κυμαῖοι
864 343 893 400 δὲ
903 343 953 402 τόν

152 431 291 509 σφέτερον
305 429 394 490 αὐτῶν
408 429 528 506 α’πῆκαν·
547 432 583 493 ὥς
595 431 625 490 δέ
639 431 684 490 καὶ
698 429 783 490 ἄλλοι
797 434 823 490 οἱ
836 433 953 494 πλεῦνες

151 519 281 580 α’πίεσαν·
314 517 453 597 τυράννων
466 521 518 597 μέν
531 544 579 580 νυν
593 517 765 582 κατάπαυσις
778 518 887 600 ἐγένετο
900 518 954 579 ἀνά

150 606 201 670 τάς
214 608 324 682 πόλιας.
400 655 403 670 ,

190 687 395 770 Ἀρισταγόρης
415 688 445 748 δέ
465 689 483 749 ό
503 688 647 765 Μιλήσιος
668 689 703 754 ὥς
722 689 787 753 τούς
803 688 953 767 τυράννους

151 777 497 857 κατέπαυσεστρατηγοῦς
513 783 541 838 ἐν
554 777 658 857 ἑκάστη
671 782 726 838 τῶν
739 778 845 837 πολίων
859 774 951 836 κελεύ-

150 890 205 927 σας
226 864 359 926 ἑκάστους
379 869 565 940 καταστῆσαι,
584 865 698 941 δεύτερα
716 864 799 927 οὗτός
817 869 844 927 ἐς
863 871 949 923 Λακε-

151 951 270 1028 δαίμονα
292 951 399 1027 τριήρεϊ
425 950 587 1014 ἀπόστολος
611 953 725 1032 ἐγίνετο·
753 951 810 1010 ἐδεε
835 949 889 1030 γάρ
917 951 951 1026 δῆ

151 1040 315 1117 συμμαχίης
329 1037 403 1102 τινός
417 1040 444 1096 οἱ
456 1037 582 1119 μεγάλης
595 1039 778 1114 ἐξευρεθῆναι.

192 1131 248 1202 Τῆς
272 1126 301 1184 δὲ
329 1125 459 1202 Σπάρτης
482 1124 694 1203 Ἀναξανδρίδης
718 1128 771 1203 μὲν
794 1124 810 1185 ό
832 1125 998 1189 λέοντος39

152 1213 244 1274 οὐκέτι
257 1213 372 1291 περιεῶν
382 1215 542 1290 ἐβασίλευε,
553 1213 631 1273 ἀλλά
645 1213 859 1290 ἐτετελειηήκεε·
877 1218 952 1273 Κλε-

152 1305 251 1380 ομένης
272 1304 300 1362 δὲ
321 1302 337 1363 ό
357 1301 573 1380 Ἀναξανδριδεω
594 1303 651 1383 εἶχε
671 1302 723 1379 τῆν
738 1303 903 1380 βασιληίην,
918 1301 951 1362 οὔ

152 1391 222 1450 κατά
235 1390 421 1472 ἀνδραγαθίην
434 1389 513 1470 σχοίν
526 1389 603 1450 ἅλλά
616 1390 686 1451 κατά
698 1391 787 1472 γένος.
820 1389 951 1460 Ἀναξάν-

152 1478 229 1557 δριδη
239 1479 293 1560 γάρ
305 1480 395 1558 ἔχοντι
408 1482 524 1560 γυναῖκα
537 1477 678 1555 άδελφεῆς
691 1483 791 1538 ἑωυτοῦ
802 1480 950 1559 θυγατέρα,

152 1567 198 1625 καὶ
207 1567 306 1642 ἐούσης
316 1565 417 1642 ταύτης
427 1569 453 1625 οἱ
464 1567 640 1643 καταθυμίης,
651 1567 747 1630 παῖδες
756 1565 805 1625 οὐκ
816 1567 949 1647 ἐγίνοντο·

151 1654 248 1714 τούτου
264 1655 293 1714 δέ
308 1654 435 1714 τοιούτου
455 1654 554 1726 ἐόντος,
570 1657 596 1714 οἱ
614 1656 712 1732 ἐφοροι
728 1655 808 1714 εἶπαν
823 1658 950 1728 ἐπικαλε-

311 1741 319 1761 ἱ
344 1743 352 1764 λ
392 1753 409 1777 (ς
432 1743 444 1766 ¹!

152 1742 269 1819 σάμενοι
285 1769 377 1813 αυτον,
418 1769 449 1810 ειΙ
459 1769 504 1802 τοι
522 1742 559 1802 σό
574 1768 607 1824 γε
625 1746 748 1802 σεωυτοῦ
763 1741 803 1820 μῆ
817 1745 949 1821 προορᾷς,

92 1905 94 1912 Ι
151 1829 216 1890 ἀλλ’
226 1830 293 1908 ἡμῖν
305 1830 389 1890 τοῦτό
403 1836 464 1890 ἐστι
478 1831 510 1890 οὗ
523 1832 688 1906 περιοπτέον
701 1831 781 1911 γένος
793 1829 826 1890 τό
840 1830 949 1908 Εὐρυσ-

152 1919 243 1982 θένεος
265 1920 399 1999 γενέσθαι
422 1918 559 1992 ἐξίτηλον.
600 1918 637 1976 σύ
660 1943 709 1976 νυν
731 1917 782 1992 τῆν
805 1920 856 1992 μέν
880 1919 951 1996 ἔχεις

151 2005 353 2085 γυναῖκαέπεί
364 2030 395 2062 τε
408 2029 452 2062 τοι
466 2001 497 2061 οὖ
511 2003 604 2072 τίκτει,
619 2003 687 2073 ἔξεο,
701 2002 798 2078 ἄλλην,
807 2004 836 2062 δέ
848 2007 949 2084 γῆμον·

152 2092 198 2148 καὶ
215 2092 315 2150 ποιέων
327 2095 423 2161 ταῦτα,
438 2089 634 2169 Σπαρτιήτῃσι
647 2089 769 2166 ἁδήσεις·
802 2118 817 2150 ο
832 2090 861 2150 δέ
874 2090 950 2169 άμεί-

151 2181 222 2254 βετο
237 2178 293 2255 φάς
310 2179 414 2240 τούτων
433 2178 563 2257 οὐδέτερα
579 2178 717 2256 ποιήσειν·
739 2181 855 2244 ἐκείνους
870 2207 901 2240 τε
917 2179 950 2240 οὗ

152 2271 243 2330 καλῶς
259 2268 465 2345 συμβουλεύειν
478 2268 675 2345 παραινέοντας
687 2267 740 2343 τῆν
755 2268 811 2348 ἔχει
824 2273 949 2351 γυναῖκα,

152 2359 254 2415 ἐοῦσαν
275 2356 468 2434 ἀναμάρτητον
490 2359 586 2436 ἑωυτῷ,
607 2356 710 2432 ταύτην
733 2355 838 2416 ἀπέντα
857 2357 950 2434 άλλην

152 2445 353 2526 ἐσαγαγέσθαι·
374 2444 439 2503 οὐδέ
453 2451 509 2520 σφι
522 2445 682 2505 πείσεσθαι.
724 2444 802 2521 Πρός
819 2449 907 2505 ταῦτα
923 2447 998 2504 οἱ4Ο

152 2531 257 2608 ἔφοροι·
270 2533 315 2592 καὶ
336 2534 363 2592 οἱ
380 2533 507 2612 γέροντες
524 2532 757 2610 βουλευσάμενοι,
773 2533 951 2611 προσέφερον

151 2613 348 2699 Ἀναξανδρίδῃ
369 2619 445 2679 τάδε·
470 2629 487 2654 “
496 2620 556 2680 ἐπεὶ
578 2621 670 2680 τοίνυν
689 2645 734 2680 τοι
754 2620 952 2700 περιεχόμενόν

152 2733 186 2766 σε
200 2707 315 2784 ὁρέομεν
324 2711 374 2784 τῆς
388 2708 459 2786 ἐχεις
471 2707 607 2788 γυναικός,
619 2708 658 2766 σύ
672 2707 801 2768 δὲταῦτα
814 2709 891 2767 ποίεε
904 2708 951 2766 καὶ

151 2794 192 2871 μή
208 2793 351 2872 ἀντίβαινε
366 2793 500 2865 τούτοισι,
519 2797 562 2855 ἵνα
581 2795 622 2874 μή
640 2821 668 2855 τι
684 2795 802 2856 άλλοῖον
817 2797 881 2874 περὶ
899 2799 951 2854 σεῦ

153 2885 179 2940 οί
193 2881 366 2958 Σπαρτιῆται
379 2881 600 2960 βουλεύσωνται·
616 2883 745 2964 γυναικός
757 2886 808 2959 μὲν
817 2887 867 2957 τῆς
881 2883 952 2958 ἔχεις

153 2968 185 3028 οὗ
205 2968 403 3046 προσδεόμεθά
425 2997 476 3029 σευ
497 2975 547 3046 τῆς
569 2971 683 3040 ἐξέσιος·
705 2969 742 3028 σι)
765 2970 795 3027 δέ
815 2966 901 3040 ταύτῃ
921 2989 952 3021 τε

152 3056 244 3118 πάντα
265 3055 322 3116 ὅσα
344 3059 392 3116 νῦν
412 3058 542 3136 παρέχεις
565 3057 678 3135 πάρεχε,
701 3057 748 3114 καὶ
771 3054 863 3123 ἄλλην
883 3047 953 3120 πρός

152 3145 238 3224 ταύτῃ
258 3145 382 3226 ἐσάγαγε
401 3149 518 3224 γυναῖκα
537 3140 724 3206 τεκνοποιόν·”
751 3135 839 3198 ταῦτά
856 3157 890 3205 κη
908 3135 953 3188 λε·

154 3233 264 3314 γόντων,
282 3231 464 3311 συνεχώρησε
484 3230 500 3291 ὅ
520 3227 742 3302 Ἀναξανδρίδης·
762 3219 833 3297 μετὰ
854 3217 891 3284 δὲ’
907 3241 955 3295 Ὑ”“
