2204 3430
150 99 183 146 ω
344 73 349 84 ’
392 138 411 173 ,
459 97 643 148 Ἧοοιουοτ
885 95 947 162 [τι.

150 174 204 254 γὰρ
222 173 440 257 συνεγινιύσκετο
453 173 536 238 αύτδς
549 174 653 235 τούτων
666 172 736 234 εῖναι
745 173 840 250 αἴτιος,
852 177 950 258 γαμέει

149 262 246 338 τρίτην
267 265 393 343 γυναῖκα·
422 260 473 322 ὧδε
494 262 524 321 δέ
545 262 652 343 γαμέει·
679 260 714 338 ἦν
737 265 765 322 οἱ
788 264 873 339 φίλος
895 267 950 325 τῶν

152 349 345 426 Σπαρτιητέων
367 347 445 427 ἀνὴρ,
464 353 503 428 τῷ
522 350 692 427 προσεκέετο
713 353 768 409 τῶν
786 349 880 411 ἀστῶν
897 353 949 428 μά-

151 439 238 496 λιστα
256 435 273 496 ὁ
290 435 436 514 Ἀρίστων·
456 435 545 516 τούτῳ
560 441 599 516 τῷ
616 435 694 514 ἀνδρὶ
713 436 846 517 ἐτύγχανε
863 443 947 508 ἐοῦσα

150 523 219 604 γυνη
234 524 376 609 καλλίστη
388 528 484 603 μακρῷ
495 528 550 584 τῶν
564 529 593 584 ἐν
606 523 723 603 Σπάρτη
734 529 882 606 γυναικῶν·
903 529 950 586 καὶ

150 615 238 671 ταῦτα
250 611 345 688 μέντοι
359 611 500 688 καλλίστη
514 611 545 681 ἐξ
560 613 711 690 αἰσχίστης
723 613 869 693 γενομένη·
891 618 949 674 ἐοῦ-

150 725 206 759 σαν
221 698 276 781 γάρ
295 724 344 776 μιν
360 698 393 758 τδ
413 698 484 762 εἶδος
500 698 630 777 φλαύρην
643 698 661 774 ἡ
675 699 782 776 τροφός
796 697 889 775 αύτῆς,
903 700 949 760 οἶα

151 785 300 864 ἀνθρώπων
312 813 343 846 τε
356 785 464 862 ὀλβίων
480 787 618 868 θυγατέρα
632 787 678 845 καὶ
691 787 818 852 δυσειδέα
838 791 948 858 ἐοῦσαν,

151 874 221 950 πρδς
234 875 263 935 δέ
277 875 323 934 καὶ
337 873 458 952 ἀρέουσα
476 874 541 938 τούς
552 875 651 955 γονέας
666 875 819 952 συμφορήν
830 873 863 934 τδ
878 873 949 940 εἶδος

151 961 236 1039 αὐτῆς
250 963 437 1040 ποιευμένους,
450 967 538 1022 ταῦτα
556 963 661 1021 ἕκαστα
676 962 816 1040 μαθοῦσα,
832 963 949 1040 ἐπιφρά-

152 1051 226 1122 ζεται
248 1049 350 1111 τοιάδε·
372 1050 471 1128 ἐφόρεε
493 1049 579 1124 αὐτην
603 1047 656 1108 ἀνά
679 1052 776 1108 πᾶσαν
798 1048 903 1126 ἡμέρην
921 1055 949 1115 ἐς

149 1138 183 1198 τά
200 1143 250 1214 τῆς
262 1138 378 1214 Ἑλένης
401 1137 467 1214 ἱρόν·
488 1136 521 1196 τδ
540 1135 563 1195 δ’
577 1137 639 1196 ἐστι
657 1139 687 1195 ἐν
703 1138 739 1212 τῇ
754 1135 883 1214 Θεράπνῃ
901 1164 948 1196 κα-

148 1227 268 1305 λευμένη
281 1226 382 1303 ὕπερθε
394 1228 444 1284 τοῦ
457 1225 594 1301 Φοιβηίου
609 1226 678 1301 ἶροῦ.
713 1222 782 1286 ὅκως
796 1223 825 1282 δὲ
840 1225 949 1286 ἐνείκειε

149 1312 169 1387 ἦ
186 1313 299 1389 τροφδς,
313 1311 383 1390 πρός
402 1336 433 1370 τε
450 1312 587 1392 τῶγαλμα
602 1311 668 1371 ίστα
682 1309 728 1368 καὶ
743 1311 876 1372 ἐλίσσετο
896 1311 949 1388 τήν

150 1399 214 1459 θεδν
230 1397 392 1467 ἀπαλλάξαι
407 1403 457 1473 τῆς
476 1396 652 1475 δυσμορφίης
664 1396 698 1457 τδ
714 1397 833 1458 παιδίον·
855 1400 900 1458 καὶ
913 1400 948 1477 δή

107 1515 109 1522 ·
150 1512 214 1545 κοτε
227 1485 350 1564 ἀπιούσῃ
364 1491 394 1544 ἐκ
407 1489 456 1544 τοῦ
472 1488 533 1562 ἶροΰ
547 1489 582 1564 τῇ
595 1489 692 1564 τροφῷ
704 1489 822 1567 γυναῖκα
836 1487 948 1568 λέγεται

149 1577 324 1649 ἐπιφανῆναι,
340 1576 524 1648 ἐπιφανεῖσαν
544 1573 574 1632 δὲ
593 1574 756 1650 ἐπείρεσθαί
766 1599 814 1650 μιν
827 1573 843 1633 ὅ
857 1600 884 1633 τι
898 1576 948 1650 φέ-

147 1687 190 1738 ρει
200 1665 273 1738 ἐντῇ
284 1659 407 1741 ἀγκιίλη;
430 1661 475 1718 καὶ
487 1659 539 1736 την
550 1659 660 1738 φράσαι
673 1661 709 1724 ὦς
721 1661 831 1722 παιδίον
842 1664 946 1740 φορέει·

149 1747 202 1824 τὴν
220 1749 249 1807 δέ
263 1745 397 1808 κελεῦσαί
408 1751 435 1807 οἱ
453 1747 549 1818 δεῖξαι·
570 1748 622 1824 την
635 1748 665 1808 δὲ
678 1749 710 1808 οὗ
725 1748 820 1825 φάναι,
835 1747 947 1826 ἀπειρῆ-

149 1837 218 1896 σθαι
233 1836 287 1918 γοίρ
301 1839 328 1895 οἱ
342 1841 371 1895 ἐκ
384 1841 439 1896 τῶν
451 1836 619 1917 γειναμένων
637 1837 735 1914 μηδενὶ
756 1836 947 1896 ἐπιδεικνύναι·

148 1924 199 2000 τὴν
221 1925 250 1984 δέ
269 1924 378 1989 ποίντως
395 1927 481 2004 ἑωυτῇ
495 1923 616 1984 κελεύειν
630 1925 771 1994 ἐπιδεῖξαι·
784 1923 904 2000 »ὁρῶσαν
917 1925 948 1986 δέ

147 2013 199 2090 τήν
216 2018 333 2094 γυναῖκα
353 2014 417 2091 περὶ
437 2017 549 2072 πολλοῦ
569 2013 734 2090 ποιευμένην
752 2011 860 2088 ἰδέσθαι
877 2011 948 2072 οὕτω

148 2101 181 2176 δὴ
195 2102 246 2178 την
258 2102 366 2179 τροφάν
379 2101 466 2171 δεῖξαι
478 2101 511 2162 τά
525 2101 646 2161 παιδίον·
667 2099 719 2176 τὴν
733 2099 762 2158 δέ
776 2103 948 2178 καταψῶσαν

147 2192 197 2246 τοῦ
220 2189 331 2248 παιδίου
354 2188 406 2264 τὴν
430 2188 557 2264 κεφαλὴν
581 2188 664 2258 εἶπαι,
689 2186 724 2250 οἷς
747 2187 947 2248 καλλιστεύσει

147 2276 259 2335 πασέων
271 2280 326 2335 τῶν
340 2279 369 2336 έν
383 2275 499 2354 Σπάρτη
511 2280 653 2356 γυναικῶν.
697 2274 755 2334 ἀπά
769 2277 820 2351 μέν
834 2275 868 2351 δή
882 2276 947 2334 ταύ-

146 2387 196 2438 της
213 2365 263 2439 τῆς
281 2362 386 2440 ἡμέρης
403 2363 584 2439 μεταπεσέειν
603 2363 637 2424 τδ
657 2363 737 2426 εἶδος·
758 2363 856 2444 γαμέει
870 2363 947 2440 δέδή

146 2475 194 2526 μιν
208 2455 235 2514 ἐς
248 2449 340 2530 γάμου
355 2449 427 2528 ὥρην
440 2449 611 2528 ἀπικομένην
622 2449 747 2532 Ἄγητος
759 2449 774 2510 ὁ
788 2449 946 2530 Ἀλκείδεω,

100 2540 137 2598 62
148 2535 272 2614 οὗτοςδή
286 2536 362 2598 ὁτοῦ
374 2536 540 2616 Ἀρίστωνος
551 2539 646 2614 φίλος.
681 2538 737 2598 Τδν
748 2537 777 2616 δέ
789 2536 946 2615 Ἀρίστωνα

148 2626 233 2697 ἔκνιζε
254 2624 308 2702 ἀρα
325 2630 375 2702 τῆς
392 2625 521 2707 γυναικδς
538 2625 640 2702 ταύτης
658 2625 674 2685 ἀ
691 2625 766 2702 ἔρως·
786 2629 947 2704 μηχανᾶται

147 2711 181 2789 δὴ
203 2712 305 2773 τοιοίδε·
326 2712 410 2777 αὖτίς
427 2738 458 2774 τε
477 2717 516 2792 τῷ
537 2713 634 2792 ἑταίρῳ
650 2716 701 2772 τοῦ
714 2711 749 2788 ἦν
761 2711 780 2787 ἦ
793 2711 863 2792 γυνη
877 2712 947 2789 αὕτη

46 2829 77 2845 -κ
146 2799 308 2862 ύποδέκεται
321 2801 435 2876 δωτίνην
453 2799 552 2860 δύσειν
563 2803 618 2860 τῶν
634 2803 734 2860 ἑωυτοῦ
748 2799 857 2884 πάντων
870 2799 900 2860 ἐν
912 2801 946 2862 τδ

146 2885 180 2949 ἀν
201 2886 283 2952 αύτός
304 2891 407 2951 ἐκεῖνος
423 2887 528 2963 ἕληται,
543 2887 588 2945 καὶ
601 2886 651 2947 τάν
664 2891 772 2964 ἐταῖρον
786 2889 874 2966 ἑωυτῷ
890 2889 945 2948 ἐκέ-

146 2980 210 3037 λευε
224 2974 355 3040 ὥσαύτως
372 2974 424 3052 τήν
438 2973 538 3051 ὁμοίην
551 2973 665 3035 διδόναι·
686 2973 701 3034 ὁ
716 2975 745 3034 δέ
759 2973 838 3034 οὐδὲν
852 2977 945 3052 φοβη-

147 3066 203 3131 θεὶς
221 3065 296 3144 ἀμφὶ
317 3067 353 3143 τῇ
373 3062 489 3145 γυναικὶ,
508 3060 592 3138 ὁρέων
611 3066 712 3123 ἐοῦσαν
734 3062 780 3121 καὶ
797 3061 946 3139 Ἀρίστωνι

145 3157 270 3233 γυναῖκα,
294 3149 429 3212 καταινέει
451 3151 548 3209 ταῦτα·
577 3149 623 3208 ἐπὶ
645 3148 771 3210 τούτοισι
794 3149 824 3208 δέ
847 3147 947 3226 ὅρκους

147 3241 303 3319 ἐπήλασαν·
323 3237 394 3319 μετὰ
416 3236 453 3312 δέ,
477 3233 561 3301 αὖτίς
583 3262 614 3297 τε
650 3235 666 3298 ἀ
690 3235 840 3320 Ἀρίστων]
863 3235 946 3300 ἔδωκε
