<?xml version="1.0" encoding="UTF-8"?>
<!DOCTYPE html PUBLIC "-//W3C//DTD XHTML 1.0 Transitional//EN"
    "http://www.w3.org/TR/xhtml1/DTD/xhtml1-transitional.dtd">
<html xmlns="http://www.w3.org/1999/xhtml" xml:lang="en" lang="en">
 <head>
  <title>
</title>
<meta http-equiv="Content-Type" content="text/html;charset=utf-8" />
  <meta name='ocr-system' content='tesseract 3.04.00' />
  <meta name='ocr-capabilities' content='ocr_page ocr_carea ocr_par ocr_line ocrx_word'/>
</head>
<body>
  <div class='ocr_page' id='page_1' title='image "./herodotusrecens01blakgoog_0260.png"; bbox 0 0 2280 3432; ppageno 0'>
   <div class='ocr_carea' id='block_1_1' title="bbox 154 91 1038 3318">
    <p class='ocr_par' dir='ltr' id='par_1_1' title="bbox 181 91 1034 2350">
     <span class='ocr_line' id='line_1_1' title="bbox 182 91 982 155; baseline 0.005 -15"><span class='ocrx_word' id='word_1_1' title='bbox 182 93 289 155; x_wconf 80' lang='grc' dir='ltr'>ω-τι]</span> <span class='ocrx_word' id='word_1_2' title='bbox 504 91 659 142; x_wconf 75' lang='grc' dir='ltr'>ουνιιιιι.</span> <span class='ocrx_word' id='word_1_3' title='bbox 935 94 982 146; x_wconf 79' lang='lat'>247</span> 
     </span>
     <span class='ocr_line' id='line_1_2' title="bbox 183 169 984 250; baseline 0.005 -20"><span class='ocrx_word' id='word_1_4' title='bbox 183 171 344 248; x_wconf 70' lang='grc' dir='ltr'>οἰκοδόμεον</span> <span class='ocrx_word' id='word_1_5' title='bbox 362 170 410 231; x_wconf 74' lang='grc' dir='ltr'>διά</span> <span class='ocrx_word' id='word_1_6' title='bbox 427 174 478 232; x_wconf 83' lang='grc' dir='ltr'>τοῦ</span> <span class='ocrx_word' id='word_1_7' title='bbox 494 169 612 248; x_wconf 80' lang='grc' dir='ltr'>Ἰσθμοῦ</span> <span class='ocrx_word' id='word_1_8' title='bbox 630 173 732 250; x_wconf 86' lang='grc' dir='ltr'>τεῖχος·</span> <span class='ocrx_word' id='word_1_9' title='bbox 753 169 803 232; x_wconf 80' lang='grc' dir='ltr'>ἅτε</span> <span class='ocrx_word' id='word_1_10' title='bbox 818 171 848 232; x_wconf 88' lang='grc' dir='ltr'>δέ</span> <span class='ocrx_word' id='word_1_11' title='bbox 865 173 984 234; x_wconf 81' lang='grc' dir='ltr'>ἐουσέων</span> 
     </span>
     <span class='ocr_line' id='line_1_3' title="bbox 181 256 982 339; baseline 0.001 -22"><span class='ocrx_word' id='word_1_12' title='bbox 181 258 334 336; x_wconf 89' lang='grc' dir='ltr'>μυριαδέων</span> <span class='ocrx_word' id='word_1_13' title='bbox 359 258 489 320; x_wconf 78' lang='grc' dir='ltr'>πολλέων</span> <span class='ocrx_word' id='word_1_14' title='bbox 514 259 561 318; x_wconf 84' lang='grc' dir='ltr'>καὶ</span> <span class='ocrx_word' id='word_1_15' title='bbox 584 256 810 335; x_wconf 40' lang='grc' dir='ltr'>παντδςνάνδρός</span> <span class='ocrx_word' id='word_1_16' title='bbox 834 259 982 339; x_wconf 81' lang='grc' dir='ltr'>ἐργαζομέ-</span> 
     </span>
     <span class='ocr_line' id='line_1_4' title="bbox 182 343 983 428; baseline 0.001 -23"><span class='ocrx_word' id='word_1_17' title='bbox 182 371 241 415; x_wconf 88' lang='grc' dir='ltr'>νου,</span> <span class='ocrx_word' id='word_1_18' title='bbox 255 343 335 422; x_wconf 82' lang='grc' dir='ltr'>ἤνετο</span> <span class='ocrx_word' id='word_1_19' title='bbox 347 345 380 407; x_wconf 62' lang='lat' dir='ltr'>ro*</span> <span class='ocrx_word' id='word_1_20' title='bbox 395 347 484 427; x_wconf 77' lang='grc' dir='ltr'>ἔργον·</span> <span class='ocrx_word' id='word_1_21' title='bbox 506 347 553 406; x_wconf 85' lang='grc' dir='ltr'>καὶ</span> <span class='ocrx_word' id='word_1_22' title='bbox 565 346 620 428; x_wconf 76' lang='grc' dir='ltr'>γάρ</span> <span class='ocrx_word' id='word_1_23' title='bbox 634 347 718 417; x_wconf 84' lang='grc' dir='ltr'>λίθοι,</span> <span class='ocrx_word' id='word_1_24' title='bbox 737 347 783 405; x_wconf 83' lang='grc' dir='ltr'>καὶ</span> <span class='ocrx_word' id='word_1_25' title='bbox 796 347 917 416; x_wconf 90' lang='grc' dir='ltr'>πλίνθοι,</span> <span class='ocrx_word' id='word_1_26' title='bbox 936 348 983 406; x_wconf 82' lang='grc' dir='ltr'>καὶ</span> 
     </span>
     <span class='ocr_line' id='line_1_5' title="bbox 183 432 983 513; baseline 0.001 -21"><span class='ocrx_word' id='word_1_27' title='bbox 183 432 263 504; x_wconf 83' lang='grc' dir='ltr'>ξύλα,</span> <span class='ocrx_word' id='word_1_28' title='bbox 277 436 323 493; x_wconf 90' lang='grc' dir='ltr'>καὶ</span> <span class='ocrx_word' id='word_1_29' title='bbox 337 436 443 512; x_wconf 84' lang='grc' dir='ltr'>φορμοὶ</span> <span class='ocrx_word' id='word_1_30' title='bbox 456 434 573 513; x_wconf 85' lang='grc' dir='ltr'>ψάμμου</span> <span class='ocrx_word' id='word_1_31' title='bbox 586 433 707 512; x_wconf 85' lang='grc' dir='ltr'>πλήρεες</span> <span class='ocrx_word' id='word_1_32' title='bbox 720 435 915 512; x_wconf 85' lang='grc' dir='ltr'>ἐσεφορέοντο·</span> <span class='ocrx_word' id='word_1_33' title='bbox 937 435 983 493; x_wconf 86' lang='grc' dir='ltr'>καὶ</span> 
     </span>
     <span class='ocr_line' id='line_1_6' title="bbox 183 521 983 604; baseline 0.001 -24"><span class='ocrx_word' id='word_1_34' title='bbox 183 521 290 582; x_wconf 81' lang='grc' dir='ltr'>ἐλίνυον</span> <span class='ocrx_word' id='word_1_35' title='bbox 311 522 408 583; x_wconf 77' lang='grc' dir='ltr'>οὐδένα</span> <span class='ocrx_word' id='word_1_36' title='bbox 424 521 526 601; x_wconf 87' lang='grc' dir='ltr'>χρόνον</span> <span class='ocrx_word' id='word_1_37' title='bbox 540 526 568 583; x_wconf 85' lang='grc' dir='ltr'>οἱ</span> <span class='ocrx_word' id='word_1_38' title='bbox 582 521 779 600; x_wconf 79' lang='grc' dir='ltr'>βοηθήσαντες</span> <span class='ocrx_word' id='word_1_39' title='bbox 796 521 983 604; x_wconf 80' lang='grc' dir='ltr'>ἐργαζόμενοι,</span> 
     </span>
     <span class='ocr_line' id='line_1_7' title="bbox 183 608 1029 688; baseline 0.001 -19"><span class='ocrx_word' id='word_1_40' title='bbox 183 608 245 669; x_wconf 71' lang='grc' dir='ltr'>οὔτε</span> <span class='ocrx_word' id='word_1_41' title='bbox 258 610 353 674; x_wconf 79' lang='grc' dir='ltr'>νυκτός</span> <span class='ocrx_word' id='word_1_42' title='bbox 367 609 430 670; x_wconf 80' lang='grc' dir='ltr'>οὔτε</span> <span class='ocrx_word' id='word_1_43' title='bbox 443 609 557 688; x_wconf 78' lang='grc' dir='ltr'>ἡμέρης.</span> <span class='ocrx_word' id='word_1_44' title='bbox 599 614 636 670; x_wconf 81' lang='grc' dir='ltr'>Οἱ</span> <span class='ocrx_word' id='word_1_45' title='bbox 650 611 679 670; x_wconf 88' lang='grc' dir='ltr'>δέ</span> <span class='ocrx_word' id='word_1_46' title='bbox 697 611 879 687; x_wconf 85' lang='grc' dir='ltr'>βωθήσαντες</span> <span class='ocrx_word' id='word_1_47' title='bbox 893 616 920 674; x_wconf 87' lang='grc' dir='ltr'>ἐς</span> <span class='ocrx_word' id='word_1_48' title='bbox 932 610 982 671; x_wconf 83' lang='grc' dir='ltr'>τόν</span> <span class='ocrx_word' id='word_1_49' title='bbox 991 610 1029 672; x_wconf 80' lang='grc'>72</span> 
     </span>
     <span class='ocr_line' id='line_1_8' title="bbox 182 693 984 774; baseline 0.005 -20"><span class='ocrx_word' id='word_1_50' title='bbox 182 693 299 773; x_wconf 79' lang='grc' dir='ltr'>Ἰσθμόν</span> <span class='ocrx_word' id='word_1_51' title='bbox 321 697 466 774; x_wconf 78' lang='grc' dir='ltr'>πανδημεὶ,</span> <span class='ocrx_word' id='word_1_52' title='bbox 488 699 545 760; x_wconf 83' lang='grc' dir='ltr'>οἵδε</span> <span class='ocrx_word' id='word_1_53' title='bbox 565 696 640 774; x_wconf 82' lang='grc' dir='ltr'>ἦσαν</span> <span class='ocrx_word' id='word_1_54' title='bbox 662 697 816 774; x_wconf 85' lang='grc' dir='ltr'>Ἑλλήνων·</span> <span class='ocrx_word' id='word_1_55' title='bbox 850 698 984 758; x_wconf 87' lang='grc' dir='ltr'>Λακεδαι-</span> 
     </span>
     <span class='ocr_line' id='line_1_9' title="bbox 182 783 985 862; baseline 0.004 -20"><span class='ocrx_word' id='word_1_56' title='bbox 182 783 277 858; x_wconf 87' lang='grc' dir='ltr'>μόνιοί</span> <span class='ocrx_word' id='word_1_57' title='bbox 296 809 327 843; x_wconf 89' lang='grc' dir='ltr'>τε</span> <span class='ocrx_word' id='word_1_58' title='bbox 354 785 401 843; x_wconf 86' lang='grc' dir='ltr'>καὶ</span> <span class='ocrx_word' id='word_1_59' title='bbox 426 784 558 862; x_wconf 78' lang='grc' dir='ltr'>Ἀρκάδες</span> <span class='ocrx_word' id='word_1_60' title='bbox 584 784 693 854; x_wconf 85' lang='grc' dir='ltr'>πάντες,</span> <span class='ocrx_word' id='word_1_61' title='bbox 721 786 767 844; x_wconf 75' lang='grc' dir='ltr'>καὶ</span> <span class='ocrx_word' id='word_1_62' title='bbox 793 785 912 856; x_wconf 88' lang='grc' dir='ltr'>Ἠλεῖοι,</span> <span class='ocrx_word' id='word_1_63' title='bbox 939 787 985 846; x_wconf 83' lang='grc' dir='ltr'>καὶ</span> 
     </span>
     <span class='ocr_line' id='line_1_10' title="bbox 184 871 984 948; baseline 0.005 -20"><span class='ocrx_word' id='word_1_64' title='bbox 184 871 338 947; x_wconf 89' lang='grc' dir='ltr'>Κορίνθιοι,</span> <span class='ocrx_word' id='word_1_65' title='bbox 352 871 399 930; x_wconf 86' lang='grc' dir='ltr'>καὶ</span> <span class='ocrx_word' id='word_1_66' title='bbox 417 871 569 942; x_wconf 75' lang='grc' dir='ltr'>Σικυώνιοι,</span> <span class='ocrx_word' id='word_1_67' title='bbox 583 873 629 930; x_wconf 89' lang='grc' dir='ltr'>καὶ</span> <span class='ocrx_word' id='word_1_68' title='bbox 643 871 824 948; x_wconf 84' lang='grc' dir='ltr'>Ἐπιδαύριοι,</span> <span class='ocrx_word' id='word_1_69' title='bbox 839 874 886 930; x_wconf 86' lang='grc' dir='ltr'>καὶ</span> <span class='ocrx_word' id='word_1_70' title='bbox 899 873 984 933; x_wconf 85' lang='grc' dir='ltr'>Φλιά-</span> 
     </span>
     <span class='ocr_line' id='line_1_11' title="bbox 184 955 985 1036; baseline 0.004 -20"><span class='ocrx_word' id='word_1_71' title='bbox 184 983 252 1026; x_wconf 92' lang='grc' dir='ltr'>σιοι,</span> <span class='ocrx_word' id='word_1_72' title='bbox 283 958 330 1016; x_wconf 89' lang='grc' dir='ltr'>καὶ</span> <span class='ocrx_word' id='word_1_73' title='bbox 359 957 524 1034; x_wconf 82' lang='grc' dir='ltr'>Τροιζήνιοι,</span> <span class='ocrx_word' id='word_1_74' title='bbox 552 959 599 1016; x_wconf 87' lang='grc' dir='ltr'>καὶ</span> <span class='ocrx_word' id='word_1_75' title='bbox 626 958 792 1034; x_wconf 83' lang='grc' dir='ltr'>Ἑρμιονέες.</span> <span class='ocrx_word' id='word_1_76' title='bbox 835 955 911 1018; x_wconf 72' lang='grc' dir='ltr'>οὗτοι</span> <span class='ocrx_word' id='word_1_77' title='bbox 933 963 985 1036; x_wconf 74' lang='grc' dir='ltr'>μὲν</span> 
     </span>
     <span class='ocr_line' id='line_1_12' title="bbox 184 1041 985 1125; baseline 0.005 -23"><span class='ocrx_word' id='word_1_78' title='bbox 184 1041 259 1118; x_wconf 83' lang='grc' dir='ltr'>ἦσαν</span> <span class='ocrx_word' id='word_1_79' title='bbox 277 1047 304 1103; x_wconf 82' lang='grc' dir='ltr'>οἱ</span> <span class='ocrx_word' id='word_1_80' title='bbox 320 1043 517 1120; x_wconf 85' lang='grc' dir='ltr'>βοηθήσαντες</span> <span class='ocrx_word' id='word_1_81' title='bbox 535 1046 582 1104; x_wconf 87' lang='grc' dir='ltr'>καὶ</span> <span class='ocrx_word' id='word_1_82' title='bbox 598 1043 851 1122; x_wconf 69' lang='grc' dir='ltr'>ὑπεραρρωδέοντες</span> <span class='ocrx_word' id='word_1_83' title='bbox 867 1049 904 1125; x_wconf 79' lang='grc' dir='ltr'>τῇ</span> <span class='ocrx_word' id='word_1_84' title='bbox 921 1045 985 1106; x_wconf 68' lang='grc' dir='ltr'>Ἐλ-</span> 
     </span>
     <span class='ocr_line' id='line_1_13' title="bbox 184 1130 985 1212; baseline 0.006 -23"><span class='ocrx_word' id='word_1_85' title='bbox 184 1130 250 1190; x_wconf 82' lang='grc' dir='ltr'>λάδι</span> <span class='ocrx_word' id='word_1_86' title='bbox 259 1132 461 1212; x_wconf 78' lang='grc' dir='ltr'>κινδυνευούσῃ·</span> <span class='ocrx_word' id='word_1_87' title='bbox 475 1136 551 1192; x_wconf 79' lang='grc' dir='ltr'>τοῖσι</span> <span class='ocrx_word' id='word_1_88' title='bbox 559 1133 589 1192; x_wconf 87' lang='grc' dir='ltr'>δέ</span> <span class='ocrx_word' id='word_1_89' title='bbox 597 1131 715 1193; x_wconf 74' lang='grc' dir='ltr'>ἄλλοισι</span> <span class='ocrx_word' id='word_1_90' title='bbox 724 1134 985 1210; x_wconf 89' lang='grc' dir='ltr'>Πελοποννησίοισι</span> 
     </span>
     <span class='ocr_line' id='line_1_14' title="bbox 187 1218 985 1306; baseline 0.006 -30"><span class='ocrx_word' id='word_1_91' title='bbox 187 1218 268 1295; x_wconf 86' lang='grc' dir='ltr'>ἐμελε</span> <span class='ocrx_word' id='word_1_92' title='bbox 282 1218 366 1280; x_wconf 75' lang='grc' dir='ltr'>οὐδέν.</span> <span class='ocrx_word' id='word_1_93' title='bbox 409 1219 556 1298; x_wconf 83' lang='grc' dir='ltr'>Ὀλύμπια</span> <span class='ocrx_word' id='word_1_94' title='bbox 568 1221 598 1280; x_wconf 82' lang='grc' dir='ltr'>δὲ</span> <span class='ocrx_word' id='word_1_95' title='bbox 612 1221 658 1289; x_wconf 79' lang='grc' dir='ltr'>καὶ</span> <span class='ocrx_word' id='word_1_96' title='bbox 672 1220 795 1298; x_wconf 79' lang='grc' dir='ltr'>Κάρνεια</span> <span class='ocrx_word' id='word_1_97' title='bbox 812 1220 985 1306; x_wconf 74' lang='grc' dir='ltr'>παροιχώκεε</span> 
     </span>
     <span class='ocr_line' id='line_1_15' title="bbox 186 1304 1034 1384; baseline 0.008 -20"><span class='ocrx_word' id='word_1_98' title='bbox 186 1304 245 1382; x_wconf 74' lang='grc' dir='ltr'>ἤδη.</span> <span class='ocrx_word' id='word_1_99' title='bbox 290 1309 381 1367; x_wconf 81' lang='grc' dir='ltr'>Οἰκέει</span> <span class='ocrx_word' id='word_1_100' title='bbox 408 1309 438 1368; x_wconf 86' lang='grc' dir='ltr'>δέ</span> <span class='ocrx_word' id='word_1_101' title='bbox 465 1309 517 1384; x_wconf 75' lang='grc' dir='ltr'>τὴν</span> <span class='ocrx_word' id='word_1_102' title='bbox 546 1307 769 1384; x_wconf 88' lang='grc' dir='ltr'>Πελοπόννησον</span> <span class='ocrx_word' id='word_1_103' title='bbox 800 1309 879 1369; x_wconf 82' lang='grc' dir='ltr'>ἔθνεα</span> <span class='ocrx_word' id='word_1_104' title='bbox 907 1309 1034 1371; x_wconf 82' lang='grc' dir='ltr'>ἐπτό·73</span> 
     </span>
     <span class='ocr_line' id='line_1_16' title="bbox 186 1392 987 1476; baseline 0.006 -24"><span class='ocrx_word' id='word_1_105' title='bbox 186 1392 290 1454; x_wconf 76' lang='grc' dir='ltr'>τῦύτων</span> <span class='ocrx_word' id='word_1_106' title='bbox 300 1395 330 1454; x_wconf 87' lang='grc' dir='ltr'>δέ</span> <span class='ocrx_word' id='word_1_107' title='bbox 342 1395 378 1455; x_wconf 78' lang='grc' dir='ltr'>τά</span> <span class='ocrx_word' id='word_1_108' title='bbox 390 1397 443 1473; x_wconf 77' lang='grc' dir='ltr'>μὲν</span> <span class='ocrx_word' id='word_1_109' title='bbox 459 1395 515 1471; x_wconf 91' lang='grc' dir='ltr'>δύο,</span> <span class='ocrx_word' id='word_1_110' title='bbox 531 1395 689 1475; x_wconf 73' lang='grc' dir='ltr'>αὐτόχθονα</span> <span class='ocrx_word' id='word_1_111' title='bbox 705 1395 794 1470; x_wconf 88' lang='grc' dir='ltr'>ἐόντα,</span> <span class='ocrx_word' id='word_1_112' title='bbox 810 1397 880 1456; x_wconf 82' lang='grc' dir='ltr'>κατιὶ</span> <span class='ocrx_word' id='word_1_113' title='bbox 893 1397 987 1476; x_wconf 86' lang='grc' dir='ltr'>χώρην</span> 
     </span>
     <span class='ocr_line' id='line_1_17' title="bbox 188 1482 987 1563; baseline 0.006 -22"><span class='ocrx_word' id='word_1_114' title='bbox 188 1482 294 1559; x_wconf 63' lang='grc' dir='ltr'>ὢρυται</span> <span class='ocrx_word' id='word_1_115' title='bbox 306 1487 355 1544; x_wconf 83' lang='grc' dir='ltr'>νῦν</span> <span class='ocrx_word' id='word_1_116' title='bbox 367 1484 420 1560; x_wconf 77' lang='grc' dir='ltr'>την</span> <span class='ocrx_word' id='word_1_117' title='bbox 433 1485 480 1543; x_wconf 86' lang='grc' dir='ltr'>καὶ</span> <span class='ocrx_word' id='word_1_118' title='bbox 492 1482 525 1546; x_wconf 79' lang='grc' dir='ltr'>τό</span> <span class='ocrx_word' id='word_1_119' title='bbox 539 1485 629 1544; x_wconf 82' lang='grc' dir='ltr'>πάλαι</span> <span class='ocrx_word' id='word_1_120' title='bbox 643 1485 740 1560; x_wconf 77' lang='grc' dir='ltr'>οἴκεον,</span> <span class='ocrx_word' id='word_1_121' title='bbox 752 1484 884 1563; x_wconf 75' lang='grc' dir='ltr'>Ἀρκάδες</span> <span class='ocrx_word' id='word_1_122' title='bbox 897 1511 928 1546; x_wconf 91' lang='grc' dir='ltr'>τε</span> <span class='ocrx_word' id='word_1_123' title='bbox 941 1487 987 1546; x_wconf 88' lang='grc' dir='ltr'>καὶ</span> 
     </span>
     <span class='ocr_line' id='line_1_18' title="bbox 188 1570 987 1652; baseline 0.006 -23"><span class='ocrx_word' id='word_1_124' title='bbox 188 1570 346 1648; x_wconf 82' lang='grc' dir='ltr'>Κυνούριοι·</span> <span class='ocrx_word' id='word_1_125' title='bbox 368 1573 397 1632; x_wconf 86' lang='grc' dir='ltr'>ἐν</span> <span class='ocrx_word' id='word_1_126' title='bbox 415 1573 445 1632; x_wconf 86' lang='grc' dir='ltr'>δέ</span> <span class='ocrx_word' id='word_1_127' title='bbox 463 1573 548 1647; x_wconf 78' lang='grc' dir='ltr'>ἔθνος,</span> <span class='ocrx_word' id='word_1_128' title='bbox 567 1571 759 1652; x_wconf 51' lang='grc' dir='ltr'>’κδ”Αχαϊκδκ</span> <span class='ocrx_word' id='word_1_129' title='bbox 777 1579 807 1634; x_wconf 86' lang='grc' dir='ltr'>ἐκ</span> <span class='ocrx_word' id='word_1_130' title='bbox 824 1577 877 1652; x_wconf 77' lang='grc' dir='ltr'>μὲν</span> <span class='ocrx_word' id='word_1_131' title='bbox 895 1577 987 1634; x_wconf 91' lang='grc' dir='ltr'>Πελο-</span> 
     </span>
     <span class='ocr_line' id='line_1_19' title="bbox 187 1659 987 1742; baseline 0.006 -25"><span class='ocrx_word' id='word_1_132' title='bbox 187 1659 329 1736; x_wconf 82' lang='grc' dir='ltr'>ποννήσου</span> <span class='ocrx_word' id='word_1_133' title='bbox 356 1659 406 1722; x_wconf 83' lang='grc' dir='ltr'>ούκ</span> <span class='ocrx_word' id='word_1_134' title='bbox 434 1660 599 1742; x_wconf 76' lang='grc' dir='ltr'>ἐξεχώρησε,</span> <span class='ocrx_word' id='word_1_135' title='bbox 626 1666 657 1721; x_wconf 88' lang='grc' dir='ltr'>ἐκ</span> <span class='ocrx_word' id='word_1_136' title='bbox 679 1663 776 1739; x_wconf 89' lang='grc' dir='ltr'>μέντοι</span> <span class='ocrx_word' id='word_1_137' title='bbox 799 1667 849 1739; x_wconf 85' lang='grc' dir='ltr'>τῆς</span> <span class='ocrx_word' id='word_1_138' title='bbox 873 1665 987 1722; x_wconf 80' lang='grc' dir='ltr'>ἑωυτῶν·</span> 
     </span>
     <span class='ocr_line' id='line_1_20' title="bbox 188 1748 988 1828; baseline 0.009 -24"><span class='ocrx_word' id='word_1_139' title='bbox 188 1748 259 1806; x_wconf 85' lang='grc' dir='ltr'>οἶκέε</span> <span class='ocrx_word' id='word_1_140' title='bbox 282 1748 312 1808; x_wconf 84' lang='grc' dir='ltr'>δὲ</span> <span class='ocrx_word' id='word_1_141' title='bbox 334 1749 386 1826; x_wconf 78' lang='grc' dir='ltr'>τὴν</span> <span class='ocrx_word' id='word_1_142' title='bbox 407 1748 570 1828; x_wconf 78' lang='grc' dir='ltr'>ἀλλοτρίην.</span> <span class='ocrx_word' id='word_1_143' title='bbox 611 1750 647 1810; x_wconf 85' lang='grc' dir='ltr'>ταὶ</span> <span class='ocrx_word' id='word_1_144' title='bbox 668 1751 698 1810; x_wconf 87' lang='grc' dir='ltr'>δέ</span> <span class='ocrx_word' id='word_1_145' title='bbox 721 1751 810 1811; x_wconf 80' lang='grc' dir='ltr'>λοιπιὶ</span> <span class='ocrx_word' id='word_1_146' title='bbox 835 1751 913 1811; x_wconf 81' lang='grc' dir='ltr'>ἔθνεα</span> <span class='ocrx_word' id='word_1_147' title='bbox 932 1755 988 1811; x_wconf 79' lang='grc' dir='ltr'>τῶν</span> 
     </span>
     <span class='ocr_line' id='line_1_21' title="bbox 189 1835 989 1918; baseline 0.006 -26"><span class='ocrx_word' id='word_1_148' title='bbox 189 1835 258 1894; x_wconf 77' lang='grc' dir='ltr'>ἐπτιέ</span> <span class='ocrx_word' id='word_1_149' title='bbox 283 1836 430 1918; x_wconf 87' lang='grc' dir='ltr'>[τέσσερα]</span> <span class='ocrx_word' id='word_1_150' title='bbox 461 1837 587 1912; x_wconf 81' lang='grc' dir='ltr'>ἐπήλυδά</span> <span class='ocrx_word' id='word_1_151' title='bbox 618 1842 688 1898; x_wconf 89' lang='grc' dir='ltr'>ἐστι·</span> <span class='ocrx_word' id='word_1_152' title='bbox 731 1840 849 1915; x_wconf 87' lang='grc' dir='ltr'>Δωριέες</span> <span class='ocrx_word' id='word_1_153' title='bbox 874 1865 913 1912; x_wconf 88' lang='grc' dir='ltr'>τε,</span> <span class='ocrx_word' id='word_1_154' title='bbox 942 1839 989 1897; x_wconf 83' lang='grc' dir='ltr'>καὶ</span> 
     </span>
     <span class='ocr_line' id='line_1_22' title="bbox 189 1922 989 2000; baseline 0.006 -22"><span class='ocrx_word' id='word_1_155' title='bbox 189 1924 317 1995; x_wconf 81' lang='grc' dir='ltr'>Αἰτωλοὶ,</span> <span class='ocrx_word' id='word_1_156' title='bbox 335 1923 381 1982; x_wconf 85' lang='grc' dir='ltr'>καὶ</span> <span class='ocrx_word' id='word_1_157' title='bbox 399 1923 534 2000; x_wconf 90' lang='grc' dir='ltr'>Δρύοπες,</span> <span class='ocrx_word' id='word_1_158' title='bbox 551 1925 598 1982; x_wconf 89' lang='grc' dir='ltr'>καὶ</span> <span class='ocrx_word' id='word_1_159' title='bbox 618 1922 747 1999; x_wconf 83' lang='grc' dir='ltr'>Λήμνιοι</span> <span class='ocrx_word' id='word_1_160' title='bbox 790 1927 918 2000; x_wconf 88' lang='grc' dir='ltr'>Δωριέων</span> <span class='ocrx_word' id='word_1_161' title='bbox 937 1928 989 2000; x_wconf 85' lang='grc' dir='ltr'>μὲν</span> 
     </span>
     <span class='ocr_line' id='line_1_23' title="bbox 189 2007 989 2085; baseline 0.005 -19"><span class='ocrx_word' id='word_1_162' title='bbox 189 2010 298 2066; x_wconf 86' lang='grc' dir='ltr'>πολλαί</span> <span class='ocrx_word' id='word_1_163' title='bbox 317 2035 349 2068; x_wconf 87' lang='grc' dir='ltr'>τε</span> <span class='ocrx_word' id='word_1_164' title='bbox 374 2011 419 2068; x_wconf 85' lang='grc' dir='ltr'>καὶ</span> <span class='ocrx_word' id='word_1_165' title='bbox 441 2008 550 2085; x_wconf 87' lang='grc' dir='ltr'>δόκιμοι</span> <span class='ocrx_word' id='word_1_166' title='bbox 571 2007 664 2072; x_wconf 85' lang='grc' dir='ltr'>πόλις·</span> <span class='ocrx_word' id='word_1_167' title='bbox 701 2013 835 2070; x_wconf 78' lang='grc' dir='ltr'>Αἰτωλῶν</span> <span class='ocrx_word' id='word_1_168' title='bbox 856 2010 886 2068; x_wconf 84' lang='grc' dir='ltr'>δὲ</span> <span class='ocrx_word' id='word_1_169' title='bbox 899 2009 989 2076; x_wconf 85' lang='grc' dir='ltr'>Ἦλις</span> 
     </span>
     <span class='ocr_line' id='line_1_24' title="bbox 188 2095 990 2174; baseline 0.004 -19"><span class='ocrx_word' id='word_1_170' title='bbox 188 2095 287 2172; x_wconf 84' lang='grc' dir='ltr'>μούνη·</span> <span class='ocrx_word' id='word_1_171' title='bbox 308 2095 445 2174; x_wconf 88' lang='grc' dir='ltr'>Δρυόπων</span> <span class='ocrx_word' id='word_1_172' title='bbox 463 2096 493 2155; x_wconf 81' lang='grc' dir='ltr'>δὲ</span> <span class='ocrx_word' id='word_1_173' title='bbox 509 2095 643 2172; x_wconf 84' lang='grc' dir='ltr'>Ἑρμιόνη</span> <span class='ocrx_word' id='word_1_174' title='bbox 660 2121 692 2156; x_wconf 89' lang='grc' dir='ltr'>τε</span> <span class='ocrx_word' id='word_1_175' title='bbox 710 2096 756 2154; x_wconf 88' lang='grc' dir='ltr'>καὶ</span> <span class='ocrx_word' id='word_1_176' title='bbox 771 2095 872 2171; x_wconf 85' lang='grc' dir='ltr'>Ἀσίνη</span> <span class='ocrx_word' id='word_1_177' title='bbox 885 2095 904 2172; x_wconf 81' lang='grc' dir='ltr'><em>ἦ</em></span> <span class='ocrx_word' id='word_1_178' title='bbox 919 2099 990 2174; x_wconf 80' lang='grc' dir='ltr'>πρός</span> 
     </span>
     <span class='ocr_line' id='line_1_25' title="bbox 190 2183 1002 2263; baseline 0.004 -21"><span class='ocrx_word' id='word_1_179' title='bbox 190 2183 366 2263; x_wconf 85' lang='grc' dir='ltr'>Καρδαμύλη</span> <span class='ocrx_word' id='word_1_180' title='bbox 383 2188 424 2263; x_wconf 57' lang='grc' dir='ltr'>τῇ.</span> <span class='ocrx_word' id='word_1_181' title='bbox 435 2187 590 2262; x_wconf 77' lang='grc' dir='ltr'>Λακωνικῇ·</span> <span class='ocrx_word' id='word_1_182' title='bbox 612 2183 742 2260; x_wconf 85' lang='grc' dir='ltr'>Λημνίων</span> <span class='ocrx_word' id='word_1_183' title='bbox 758 2184 787 2242; x_wconf 83' lang='grc' dir='ltr'>δὲ</span> <span class='ocrx_word' id='word_1_184' title='bbox 806 2189 1002 2261; x_wconf 74' lang='grc' dir='ltr'>Παρωρεῆται,</span> 
     </span>
     <span class='ocr_line' id='line_1_26' title="bbox 189 2269 990 2350; baseline 0.004 -20"><span class='ocrx_word' id='word_1_185' title='bbox 189 2270 298 2336; x_wconf 82' lang='grc' dir='ltr'>πάντες.</span> <span class='ocrx_word' id='word_1_186' title='bbox 330 2275 357 2332; x_wconf 84' lang='grc' dir='ltr'>οἱ</span> <span class='ocrx_word' id='word_1_187' title='bbox 370 2272 400 2332; x_wconf 90' lang='grc' dir='ltr'>δέ</span> <span class='ocrx_word' id='word_1_188' title='bbox 414 2270 564 2349; x_wconf 83' lang='grc' dir='ltr'>Κυνούριοι</span> <span class='ocrx_word' id='word_1_189' title='bbox 578 2269 744 2350; x_wconf 73' lang='grc' dir='ltr'>αὐτόχθονες</span> <span class='ocrx_word' id='word_1_190' title='bbox 758 2271 847 2335; x_wconf 88' lang='grc' dir='ltr'>ἐόντες</span> <span class='ocrx_word' id='word_1_191' title='bbox 860 2272 990 2333; x_wconf 89' lang='grc' dir='ltr'>δοκέουσι</span> 
     </span>
    </p>

    <p class='ocr_par' dir='ltr' id='par_1_2' title="bbox 154 2357 993 2874">
     <span class='ocr_line' id='line_1_27' title="bbox 154 2357 990 2439; baseline 0 -19"><span class='ocrx_word' id='word_1_192' title='bbox 154 2403 157 2410; x_wconf 87' lang='lat'><em>-</em></span> <span class='ocrx_word' id='word_1_193' title='bbox 188 2363 287 2436; x_wconf 81' lang='grc' dir='ltr'>μοῦνοι</span> <span class='ocrx_word' id='word_1_194' title='bbox 308 2360 377 2422; x_wconf 77' lang='grc' dir='ltr'>εἶναι</span> <span class='ocrx_word' id='word_1_195' title='bbox 392 2357 494 2424; x_wconf 81' lang='grc' dir='ltr'>Ἴωνες·</span> <span class='ocrx_word' id='word_1_196' title='bbox 523 2359 741 2438; x_wconf 88' lang='grc' dir='ltr'>ἐκδεδωρίευνται</span> <span class='ocrx_word' id='word_1_197' title='bbox 758 2360 788 2420; x_wconf 85' lang='grc' dir='ltr'>δέ</span> <span class='ocrx_word' id='word_1_198' title='bbox 806 2359 862 2420; x_wconf 75' lang='grc' dir='ltr'>ύπό</span> <span class='ocrx_word' id='word_1_199' title='bbox 879 2387 911 2420; x_wconf 91' lang='grc' dir='ltr'>τε</span> <span class='ocrx_word' id='word_1_200' title='bbox 926 2361 990 2439; x_wconf 89' lang='grc' dir='ltr'>Ἀρ-</span> 
     </span>
     <span class='ocr_line' id='line_1_28' title="bbox 189 2447 991 2530; baseline 0 -23"><span class='ocrx_word' id='word_1_201' title='bbox 189 2449 270 2529; x_wconf 84' lang='grc' dir='ltr'>γείων</span> <span class='ocrx_word' id='word_1_202' title='bbox 290 2449 442 2530; x_wconf 75' lang='grc' dir='ltr'>ἀρχόμενοι</span> <span class='ocrx_word' id='word_1_203' title='bbox 462 2449 508 2508; x_wconf 86' lang='grc' dir='ltr'>καὶ</span> <span class='ocrx_word' id='word_1_204' title='bbox 527 2451 578 2508; x_wconf 81' lang='grc' dir='ltr'>τοῦ</span> <span class='ocrx_word' id='word_1_205' title='bbox 598 2447 710 2528; x_wconf 89' lang='grc' dir='ltr'>χρόνου,</span> <span class='ocrx_word' id='word_1_206' title='bbox 730 2449 824 2512; x_wconf 87' lang='grc' dir='ltr'>ἐόντες</span> <span class='ocrx_word' id='word_1_207' title='bbox 843 2448 991 2525; x_wconf 80' lang='grc' dir='ltr'>Ὀρνεῆται</span> 
     </span>
     <span class='ocr_line' id='line_1_29' title="bbox 191 2535 991 2614; baseline 0.004 -22"><span class='ocrx_word' id='word_1_208' title='bbox 191 2536 236 2593; x_wconf 87' lang='grc' dir='ltr'>καὶ</span> <span class='ocrx_word' id='word_1_209' title='bbox 249 2539 394 2614; x_wconf 90' lang='grc' dir='ltr'>περίοικοι.</span> <span class='ocrx_word' id='word_1_210' title='bbox 420 2538 524 2599; x_wconf 86' lang='grc' dir='ltr'>τούτων</span> <span class='ocrx_word' id='word_1_211' title='bbox 537 2535 575 2598; x_wconf 68' lang='grc' dir='ltr'>ὧν</span> <span class='ocrx_word' id='word_1_212' title='bbox 586 2541 641 2597; x_wconf 79' lang='grc' dir='ltr'>τών</span> <span class='ocrx_word' id='word_1_213' title='bbox 655 2535 725 2596; x_wconf 75' lang='grc' dir='ltr'>ἑπτά</span> <span class='ocrx_word' id='word_1_214' title='bbox 738 2537 837 2596; x_wconf 80' lang='grc' dir='ltr'>ἐθνέων</span> <span class='ocrx_word' id='word_1_215' title='bbox 850 2539 880 2595; x_wconf 83' lang='grc' dir='ltr'>αἱ</span> <span class='ocrx_word' id='word_1_216' title='bbox 893 2537 991 2596; x_wconf 85' lang='grc' dir='ltr'>λοιπαὶ</span> 
     </span>
     <span class='ocr_line' id='line_1_30' title="bbox 190 2622 989 2704; baseline 0.004 -23"><span class='ocrx_word' id='word_1_217' title='bbox 190 2622 281 2695; x_wconf 87' lang='grc' dir='ltr'>πόλις,</span> <span class='ocrx_word' id='word_1_218' title='bbox 294 2626 384 2704; x_wconf 81' lang='grc' dir='ltr'>πάρεξ</span> <span class='ocrx_word' id='word_1_219' title='bbox 395 2631 450 2688; x_wconf 82' lang='grc' dir='ltr'>τών</span> <span class='ocrx_word' id='word_1_220' title='bbox 467 2625 610 2700; x_wconf 78' lang='grc' dir='ltr'>κατέλεξα,</span> <span class='ocrx_word' id='word_1_221' title='bbox 628 2630 658 2684; x_wconf 87' lang='grc' dir='ltr'>ἐκ</span> <span class='ocrx_word' id='word_1_222' title='bbox 674 2627 725 2684; x_wconf 82' lang='grc' dir='ltr'>τοῦ</span> <span class='ocrx_word' id='word_1_223' title='bbox 744 2625 836 2701; x_wconf 91' lang='grc' dir='ltr'>μέσου</span> <span class='ocrx_word' id='word_1_224' title='bbox 849 2626 989 2684; x_wconf 85' lang='grc' dir='ltr'>ἐκατέατο·</span> 
     </span>
     <span class='ocr_line' id='line_1_31' title="bbox 192 2711 993 2792; baseline 0.002 -23"><span class='ocrx_word' id='word_1_225' title='bbox 192 2714 216 2769; x_wconf 80' lang='grc' dir='ltr'>εἰ</span> <span class='ocrx_word' id='word_1_226' title='bbox 229 2711 259 2770; x_wconf 86' lang='grc' dir='ltr'>δέ</span> <span class='ocrx_word' id='word_1_227' title='bbox 273 2715 420 2792; x_wconf 84' lang='grc' dir='ltr'>ἐλευθέρως</span> <span class='ocrx_word' id='word_1_228' title='bbox 430 2714 522 2784; x_wconf 79' lang='grc' dir='ltr'>ἔξεστι</span> <span class='ocrx_word' id='word_1_229' title='bbox 536 2718 630 2788; x_wconf 81' lang='grc' dir='ltr'>εἰπεῖν,</span> <span class='ocrx_word' id='word_1_230' title='bbox 639 2717 669 2772; x_wconf 90' lang='grc' dir='ltr'>έκ</span> <span class='ocrx_word' id='word_1_231' title='bbox 679 2715 729 2773; x_wconf 84' lang='grc' dir='ltr'>τοῦ</span> <span class='ocrx_word' id='word_1_232' title='bbox 742 2711 993 2791; x_wconf 85' lang='grc' dir='ltr'>μέσουκατήμενοι</span> 
     </span>
     <span class='ocr_line' id='line_1_32' title="bbox 193 2797 721 2874; baseline 0.008 -18"><span class='ocrx_word' id='word_1_233' title='bbox 193 2797 330 2874; x_wconf 86' lang='grc' dir='ltr'>ἐμήδιζον.</span> <span class='ocrx_word' id='word_1_234' title='bbox 717 2817 721 2826; x_wconf 89' lang='grc'><strong>’</strong></span> 
     </span>
    </p>

    <p class='ocr_par' dir='ltr' id='par_1_3' title="bbox 191 2885 1038 3318">
     <span class='ocr_line' id='line_1_33' title="bbox 234 2885 1038 2968; baseline 0.002 -25"><span class='ocrx_word' id='word_1_235' title='bbox 234 2887 271 2944; x_wconf 85' lang='grc' dir='ltr'>Οἱ</span> <span class='ocrx_word' id='word_1_236' title='bbox 282 2888 335 2962; x_wconf 78' lang='grc' dir='ltr'>μὲν</span> <span class='ocrx_word' id='word_1_237' title='bbox 345 2886 378 2963; x_wconf 70' lang='grc' dir='ltr'><em>δὴ</em></span> <span class='ocrx_word' id='word_1_238' title='bbox 387 2891 417 2947; x_wconf 88' lang='grc' dir='ltr'>ἐν</span> <span class='ocrx_word' id='word_1_239' title='bbox 425 2892 464 2966; x_wconf 78' lang='grc' dir='ltr'>τῷ</span> <span class='ocrx_word' id='word_1_240' title='bbox 475 2888 582 2968; x_wconf 72' lang='grc' dir='ltr'>Ἰσθμῷ</span> <span class='ocrx_word' id='word_1_241' title='bbox 591 2885 707 2966; x_wconf 78' lang='grc' dir='ltr'>τοιούτῳ</span> <span class='ocrx_word' id='word_1_242' title='bbox 716 2887 792 2966; x_wconf 82' lang='grc' dir='ltr'>πόνῳ</span> <span class='ocrx_word' id='word_1_243' title='bbox 802 2889 990 2957; x_wconf 86' lang='grc' dir='ltr'>συνέστασαν,</span> <span class='ocrx_word' id='word_1_244' title='bbox 999 2886 1038 2946; x_wconf 81' lang='grc'>74</span> 
     </span>
     <span class='ocr_line' id='line_1_34' title="bbox 192 2971 992 3052; baseline 0.003 -21"><span class='ocrx_word' id='word_1_245' title='bbox 192 2971 241 3032; x_wconf 80' lang='grc' dir='ltr'>ἅτε</span> <span class='ocrx_word' id='word_1_246' title='bbox 257 2974 322 3050; x_wconf 86' lang='grc' dir='ltr'>περὶ</span> <span class='ocrx_word' id='word_1_247' title='bbox 337 2977 387 3034; x_wconf 85' lang='grc' dir='ltr'>τοῦ</span> <span class='ocrx_word' id='word_1_248' title='bbox 403 2974 507 3038; x_wconf 76' lang='grc' dir='ltr'>παντός</span> <span class='ocrx_word' id='word_1_249' title='bbox 521 2975 575 3051; x_wconf 86' lang='grc' dir='ltr'>ἤδη</span> <span class='ocrx_word' id='word_1_250' title='bbox 596 2974 700 3052; x_wconf 86' lang='grc' dir='ltr'>δρόμον</span> <span class='ocrx_word' id='word_1_251' title='bbox 720 2975 836 3044; x_wconf 87' lang='grc' dir='ltr'>θέοντες,</span> <span class='ocrx_word' id='word_1_252' title='bbox 858 2975 904 3032; x_wconf 88' lang='grc' dir='ltr'>καὶ</span> <span class='ocrx_word' id='word_1_253' title='bbox 923 2980 992 3052; x_wconf 80' lang='grc' dir='ltr'>τῇσι</span> 
     </span>
     <span class='ocr_line' id='line_1_35' title="bbox 192 3060 992 3140; baseline 0.006 -20"><span class='ocrx_word' id='word_1_254' title='bbox 192 3061 275 3136; x_wconf 90' lang='grc' dir='ltr'>νηυσὶ</span> <span class='ocrx_word' id='word_1_255' title='bbox 293 3060 342 3120; x_wconf 79' lang='grc' dir='ltr'>οὐκ</span> <span class='ocrx_word' id='word_1_256' title='bbox 361 3063 518 3133; x_wconf 84' lang='grc' dir='ltr'>ἐλπίζοντες</span> <span class='ocrx_word' id='word_1_257' title='bbox 536 3062 745 3140; x_wconf 81' lang='grc' dir='ltr'>ἐλλάμψεσθαι·</span> <span class='ocrx_word' id='word_1_258' title='bbox 767 3064 794 3120; x_wconf 87' lang='grc' dir='ltr'>οί</span> <span class='ocrx_word' id='word_1_259' title='bbox 809 3061 838 3120; x_wconf 83' lang='grc' dir='ltr'>δὲ</span> <span class='ocrx_word' id='word_1_260' title='bbox 855 3066 883 3120; x_wconf 92' lang='grc' dir='ltr'>ἐν</span> <span class='ocrx_word' id='word_1_261' title='bbox 901 3063 992 3125; x_wconf 69' lang='grc' dir='ltr'>Σαλα·</span> 
     </span>
     <span class='ocr_line' id='line_1_36' title="bbox 191 3147 993 3228; baseline -0.002 -19"><span class='ocrx_word' id='word_1_262' title='bbox 191 3152 251 3226; x_wconf 84' lang='grc' dir='ltr'>μῖνι</span> <span class='ocrx_word' id='word_1_263' title='bbox 264 3147 339 3228; x_wconf 77' lang='grc' dir='ltr'>ὁμῶς</span> <span class='ocrx_word' id='word_1_264' title='bbox 353 3153 443 3210; x_wconf 88' lang='grc' dir='ltr'>ταῦτα</span> <span class='ocrx_word' id='word_1_265' title='bbox 460 3149 662 3227; x_wconf 89' lang='grc' dir='ltr'>πυνθανόμενοι</span> <span class='ocrx_word' id='word_1_266' title='bbox 680 3147 826 3228; x_wconf 73' lang='grc' dir='ltr'>ἀρρώδεον,</span> <span class='ocrx_word' id='word_1_267' title='bbox 849 3147 899 3208; x_wconf 78' lang='grc' dir='ltr'>οὐκ</span> <span class='ocrx_word' id='word_1_268' title='bbox 923 3148 993 3209; x_wconf 71' lang='grc' dir='ltr'>οὕτω</span> 
     </span>
     <span class='ocr_line' id='line_1_37' title="bbox 191 3237 971 3318; baseline -0.001 -20"><span class='ocrx_word' id='word_1_269' title='bbox 191 3239 255 3318; x_wconf 84' lang='grc' dir='ltr'>περὶ</span> <span class='ocrx_word' id='word_1_270' title='bbox 276 3240 365 3316; x_wconf 87' lang='grc' dir='ltr'>σφίσι</span> <span class='ocrx_word' id='word_1_271' title='bbox 382 3237 494 3298; x_wconf 83' lang='grc' dir='ltr'>αύτοῖσι</span> <span class='ocrx_word' id='word_1_272' title='bbox 510 3237 695 3314; x_wconf 89' lang='grc' dir='ltr'>δειμαίνοντες</span> <span class='ocrx_word' id='word_1_273' title='bbox 712 3237 748 3302; x_wconf 84' lang='grc' dir='ltr'>ώς</span> <span class='ocrx_word' id='word_1_274' title='bbox 766 3238 831 3316; x_wconf 84' lang='grc' dir='ltr'>περὶ</span> <span class='ocrx_word' id='word_1_275' title='bbox 847 3239 884 3316; x_wconf 80' lang='grc' dir='ltr'>τῇ</span> <span class='ocrx_word' id='word_1_276' title='bbox 900 3241 971 3297; x_wconf 39' lang='grc' dir='ltr'>Πελ·</span> 
     </span>
    </p>
   </div>
   <div class='ocr_carea' id='block_1_2' title="bbox 0 0 1155 3432">
    <p class='ocr_par' dir='ltr' id='par_1_4' title="bbox 0 0 1155 3432">
     <span class='ocr_line' id='line_1_38' title="bbox 0 0 1155 3432; baseline 0 0"><span class='ocrx_word' id='word_1_277' title='bbox 0 0 1155 3432; x_wconf 95' lang='lat' dir='ltr'> </span> 
     </span>
    </p>
   </div>
  </div>
 </body>
</html>
