2294 3430
12 119 32 170 χ
88 98 133 165 κγ
179 81 319 164 ιιι-ιον]
491 95 677 147 nomm.
934 103 977 153 ιιι

97 167 152 223 ³⁴<
175 181 299 256 ποιήσας
321 179 483 256 δισμυρίους
503 177 612 256 ἄνδρας.
655 178 700 236 καὶ
722 177 756 254 δή
777 179 811 239 τά
828 205 859 240 τε
877 185 908 240 ἐκ
925 185 981 242 τῶν

9 325 12 363 1
111 206 137 374 ἐ
177 273 245 328 νεῶν
271 268 316 326 καὶ
343 271 393 326 τοῦ
416 268 500 338 πεζοῦ
523 267 632 342 πλῆθος
656 267 852 344 συντιθέμενον
875 270 981 350 γίνεται

8 376 11 416 ³
106 355 130 396 k*
178 353 320 430 διηκόσιαί
338 380 369 413 τε
390 353 519 431 μυριάδες
541 354 586 412 καὶ
607 354 756 431 τριήκοντα
779 355 825 414 καὶ
847 357 907 433 μία,
933 358 980 417 καὶ

7 423 10 504 ,ί
176 442 255 518 πρδς,
274 441 400 521 χιλιάδες
420 441 489 502 ἐπέοῖ
508 442 553 500 καὶ
576 442 752 506 ἑκατοντάδες
774 443 806 513 ἐξ
826 444 871 502 καὶ
890 444 979 509 δεκάς.

7 531 8 538 ’
176 533 260 589 τοῦτο
280 532 332 606 μὲν
352 529 385 589 τδ
411 529 442 599 ἐξ
464 529 548 606 αὐτῆς
567 535 618 606 τῆς
636 530 735 606 Ἀσίης
757 531 917 610 στράτευμα
938 533 979 604 ἐξ·

135 653 144 664 =
178 619 299 696 αναχθὲν
312 617 425 694 εἴρηται,
439 615 503 677 ἄνευ
515 643 547 677 τε
559 622 610 694 τῆς
623 619 773 694 θεραπηίης
785 623 836 695 τῆς
846 620 981 697 ἑπομένης

111 684 145 775 Qg
178 705 224 762 καὶ
242 709 297 764 τῶν
315 709 478 786 σιταγωγῶν
495 705 608 776 πλοίων,
623 707 669 764 καὶ
687 705 751 765 ὅσοι
771 707 901 768 ἐνέπλεον
917 709 980 769 τού-

177 817 262 851 τοισι.
303 792 336 852 τδ
355 793 384 851 δὲ
403 793 437 868 δή
456 797 486 852 ἐκ
501 799 551 868 τῆς
569 793 705 870 Εὐρώπης
721 793 858 874 ἀγάμενον
873 795 1027 872 στρά-185

177 905 265 958 τευμα
281 882 320 940 ἔτι
339 882 562 964 προσλογιστέα·
571 881 658 959 τούτῳ
675 881 758 940 παντὶ
775 882 814 959 τῷ
832 882 978 959 ἐξηριθμη·

177 968 259 1047 μένῳ·
284 967 400 1043 δόκησιν
421 968 450 1026 δὲ
472 968 515 1026 δεῖ
535 968 636 1050 λέγειν·
661 968 723 1030 νέας
743 967 794 1043 μέν
813 993 861 1027 νυν
879 971 905 1026 οἱ
922 969 979 1030 α’πδ

142 1109 144 1112 .
178 1055 299 1132 Θρηίκης
327 1056 474 1132 Ἕλληνες,
503 1055 549 1114 καὶ
578 1061 608 1114 ἐκ
634 1059 689 1114 τῶν
719 1053 811 1130 νήσων
841 1058 896 1114 τιῦν
922 1060 979 1115 ἐπι-

32 1131 172 1241 &wlff
179 1145 308 1220 κειμένων
328 1148 365 1222 τῇ
383 1145 497 1221 Θρηίκῃ,
514 1143 682 1221 παρείχοντο
699 1143 789 1200 ε’ίκοσι
808 1141 854 1200 καὶ
872 1142 979 1204 ἐκατάν·

179 1235 209 1288 ἐκ
223 1233 274 1307 μέν
289 1257 337 1292 νυν
354 1232 471 1290 τουτέων
488 1234 543 1290 τῶν
560 1235 627 1290 νεῶν
645 1229 741 1306 ἄνδρες
758 1230 979 1309 τετρακισχίλιοι

67 1349 120 1414 χρ
179 1319 224 1376 καὶ
238 1319 378 1396 δισμύριοι
390 1320 524 1400 γίνονται.
549 1319 633 1388 πεζοῦ
646 1318 684 1387 δέ,
694 1316 744 1377 τδν
756 1317 873 1394 Θρήϊκες
885 1319 979 1394 παρεί·

112 1393 127 1432 ³
178 1430 270 1483 χοντο,
282 1407 328 1464 καὶ
342 1407 470 1474 Παίονες,
482 1406 528 1464 καὶ
540 1404 659 1481 Ἐορδοὶ,
671 1405 717 1463 καὶ
728 1408 878 1474 Βοττιαῖοι,
889 1406 935 1464 καὶ
944 1405 978 1466 τῦ

177 1493 347 1553 Χαλκιδικὸν
360 1495 448 1574 γένος,
463 1494 508 1551 καὶ
522 1493 635 1573 Βρύγοι,
647 1493 692 1551 καὶ
706 1494 813 1568 Πίερες,
823 1492 870 1550 καὶ
883 1498 978 1552 Μακε-

178 1579 260 1650 δόνες,
275 1583 321 1639 καὶ
334 1583 502 1659 Περραιβοὶ,
517 1581 563 1640 καὶ
575 1580 705 1656 Ἐνιῆνες,
721 1581 766 1638 καὶ
780 1580 917 1651 Δόλοπες,
932 1583 978 1642 καὶ

178 1668 332 1748 Μάγνητες,
340 1670 385 1727 καὶ
394 1667 513 1747 Ἀχαιοὶ,
523 1670 568 1726 καὶ
577 1667 642 1728 ὅσοι
648 1672 697 1743 τῆς
702 1667 823 1744 Θρηίκης
830 1667 882 1744 τήν
888 1695 977 1748 παρα-

9 1779 13 1786 “
46 1765 123 1844 ΞΜ)
177 1755 241 1829 λίην
259 1757 396 1831 νέμονται,
409 1755 512 1816 τούτων
530 1761 586 1814 τῦν
603 1757 701 1815 ἐθνέων
716 1753 865 1831 τριήκοντα
882 1755 978 1833 μυριά-

178 1839 226 1902 δας
248 1843 332 1900 δοκέω
352 1843 493 1921 γενέσθαι·
514 1841 595 1901 οὗτοι
617 1841 654 1902 ὧν
675 1846 704 1901 αἱ
724 1841 853 1918 μυριάδες
871 1843 978 1922 κείνησι

177 1929 378 2002 προστεθεῖσαι
393 1933 461 2006 τῇσι
477 1934 507 1987 ἐκ
522 1933 573 2003 τῆς
590 1929 689 2004 Ἀσίης
705 1930 829 2010 γίνονται
845 1932 874 1988 αἶ
887 1933 979 1991 πεῖσαι

11 2013 283 2108 Πῇήγγθάνδρῶν
298 2017 327 2072 αἱ
341 2013 462 2092 μάχιμοι
479 2015 609 2091 μυριάδες
627 2015 767 2092 διηκόσιαι
786 2015 832 2073 καὶ
846 2016 979 2092 ἐξήκοντα

28 2095 44 2133 ³
93 2087 113 2130 ί
177 2102 223 2160 καὶ
238 2101 377 2178 τέσσερες,
399 2102 489 2160 ἔπεισι
509 2103 539 2160 δὲ
554 2100 675 2181 ταύτῃσι
693 2103 869 2166 ἑκατοντάδες
889 2106 977 2164 ἐκκαί-

176 2191 242 2250 δεκα
265 2190 311 2248 καὶ
338 2188 427 2252 δεκάς.
468 2195 525 2250 Τοῦ
552 2191 681 2268 μαχίμου
709 2192 739 2251 δὲ
751 2191 852 2251 τούτου
866 2191 1024 2256 ε’άντος186

175 2277 294 2357 οἷριθμδν
309 2277 454 2348 τοσούτου,
467 2278 520 2355 τήν
536 2279 689 2356 θεραπηίην
701 2279 753 2356 τήν
767 2281 903 2358 ἑπομένην
915 2280 976 2340 τού·

174 2393 258 2439 τοισι,
270 2367 316 2426 καὶ
328 2366 392 2430 τοῦς
406 2371 435 2426 ἐν
446 2359 523 2428 τοῖσι
536 2371 722 2448 σιταγωγοῖσι
734 2367 864 2428 οἷκάτοισι
874 2367 976 2441 ἐόντας,

175 2457 220 2514 καὶ
245 2456 325 2532 μάλα
353 2459 382 2515 ἐν
406 2459 483 2515 τοῖσι
508 2455 627 2514 ἄλλοισι
653 2456 782 2516 πλοίοισι
808 2460 884 2517 τοῖσι
918 2457 975 2534 ἅμα

174 2543 345 2622 πλέουσιτῇ
369 2549 496 2624 στρατιῇ,
515 2543 630 2607 τούτους
647 2547 703 2604 τῶν
719 2543 850 2624 μαχίμων
870 2544 975 2622 ἀνδρῶν

175 2629 207 2687 ού
228 2632 312 2689 δοκέω
335 2632 404 2692 εἶναι
426 2633 593 2706 ἐλάσσονας,
616 2632 693 2692 ἀλλά
713 2637 844 2696 πλεῦνας·
875 2635 921 2692 καὶ
942 2634 976 2712 δή

175 2722 267 2790 σφεας
286 2720 369 2777 ποιέω
381 2721 461 2782 ’ίσους
474 2722 602 2780 ἐκείνοισι
617 2721 694 2790 εἶναι,
709 2721 755 2779 καὶ
769 2719 832 2781 οῦτε
845 2726 974 2793 πλεῦνας,

175 2802 238 2861 οὔτε
265 2804 424 2870 ἐλάσσονας
450 2806 538 2867 οὐδέν*
576 2808 748 2878 ἐξισούμενοι
775 2809 804 2867 δὲ
835 2807 911 2869 οῦτοι
937 2814 975 2889 τῷ

174 2891 296 2969 μαχίμῳ,
321 2897 493 2970 ἐκπληροῦσι
518 2893 569 2958 τοῖς
592 2895 657 2958 ἴσας
682 2896 817 2973 μυριάδας
844 2897 973 2975 ἐκείνῃσι·

23 2977 245 3066 η’ὶωμοούτω
259 2982 443 3056 πεντηκοσίας
457 3006 489 3040 τε
506 2982 640 3060 μυριάδας
657 2984 703 3042 καὶ
721 2983 810 3042 εἴκοσι
829 2984 874 3042 καὶ
892 2983 972 3055 ὄκτιῦ,

7 3091 20 3168 Ι
175 3067 221 3124 καὶ
232 3066 362 3144 χιλιάδας
374 3073 456 3146 τρεῖς,
471 3070 517 3127 καὶ
530 3070 711 3132 ἑκατοντάδας
724 3070 781 3141 δύο,
796 3072 842 3130 καὶ
860 3071 974 3135 δεκάδας

174 3155 223 3216 δύο
236 3153 340 3232 ἀνδρῶν
352 3156 442 3238 ήγαγε
455 3157 561 3234 Ξέρξης
574 3158 589 3218 ὁ
604 3159 724 3236 Δαρείου
736 3160 819 3238 μέχρι
833 3158 974 3236 Σηπιάδος

174 3244 224 3374 mi}
233 3247 446 3320 Θερμοπυλέων.
489 3241 579 3310 Οῦτος
591 3248 642 3321 μὲν
660 3245 694 3321 δή
710 3250 759 3305 τοῦ
778 3246 1019 3312 συνάπαντος187

226 3327 302 3376 .-16
