<?xml version="1.0" encoding="UTF-8"?>
<!DOCTYPE html PUBLIC "-//W3C//DTD XHTML 1.0 Transitional//EN"
    "http://www.w3.org/TR/xhtml1/DTD/xhtml1-transitional.dtd">
<html xmlns="http://www.w3.org/1999/xhtml" xml:lang="en" lang="en">
 <head>
  <title>
</title>
<meta http-equiv="Content-Type" content="text/html;charset=utf-8" />
  <meta name='ocr-system' content='tesseract 3.04.00' />
  <meta name='ocr-capabilities' content='ocr_page ocr_carea ocr_par ocr_line ocrx_word'/>
</head>
<body>
  <div class='ocr_page' id='page_1' title='image "./herodotusrecens01blakgoog_0119.png"; bbox 0 0 2294 3430; ppageno 0'>
   <div class='ocr_carea' id='block_1_1' title="bbox 82 119 1037 2990">
    <p class='ocr_par' dir='ltr' id='par_1_1' title="bbox 193 119 992 353">
     <span class='ocr_line' id='line_1_1' title="bbox 193 119 989 196; baseline -0.008 -20"><span class='ocrx_word' id='word_1_1' title='bbox 193 129 241 177; x_wconf 81' lang='grc' dir='ltr'>ιιι</span> <span class='ocrx_word' id='word_1_2' title='bbox 482 125 678 196; x_wconf 57' lang='grc' dir='ltr'>ριιυοιουοτ</span> <span class='ocrx_word' id='word_1_3' title='bbox 927 119 989 184; x_wconf 83' lang='lat' dir='ltr'><strong>[vl.</strong></span> 
     </span>
     <span class='ocr_line' id='line_1_2' title="bbox 193 201 992 283; baseline -0.008 -17"><span class='ocrx_word' id='word_1_4' title='bbox 193 205 356 283; x_wconf 85' lang='grc' dir='ltr'>ἀπικόμενοι</span> <span class='ocrx_word' id='word_1_5' title='bbox 380 209 437 282; x_wconf 80' lang='grc' dir='ltr'>πΰρ</span> <span class='ocrx_word' id='word_1_6' title='bbox 453 229 484 264; x_wconf 86' lang='grc' dir='ltr'>τε</span> <span class='ocrx_word' id='word_1_7' title='bbox 501 205 593 264; x_wconf 79' lang='grc' dir='ltr'>αἴτεον</span> <span class='ocrx_word' id='word_1_8' title='bbox 614 205 660 262; x_wconf 86' lang='grc' dir='ltr'>καὶ</span> <span class='ocrx_word' id='word_1_9' title='bbox 684 201 992 280; x_wconf 65' lang='grc' dir='ltr'>ε’τελαμβάνοντοπῶν</span> 
     </span>
     <span class='ocr_line' id='line_1_3' title="bbox 193 318 270 353; baseline -0.026 0"><span class='ocrx_word' id='word_1_10' title='bbox 193 318 270 353; x_wconf 86' lang='grc' dir='ltr'>νεων.</span> 
     </span>
    </p>

    <p class='ocr_par' dir='ltr' id='par_1_2' title="bbox 148 376 995 890">
     <span class='ocr_line' id='line_1_4' title="bbox 148 376 994 458; baseline 0.004 -21"><span class='ocrx_word' id='word_1_11' title='bbox 148 381 205 438; x_wconf 84' lang='grc'>114</span> <span class='ocrx_word' id='word_1_12' title='bbox 247 380 306 438; x_wconf 87' lang='grc' dir='ltr'>Καὶ</span> <span class='ocrx_word' id='word_1_13' title='bbox 322 381 471 456; x_wconf 78' lang='grc' dir='ltr'>τοῦτομὲν</span> <span class='ocrx_word' id='word_1_14' title='bbox 484 382 514 439; x_wconf 84' lang='grc' dir='ltr'>ἔν</span> <span class='ocrx_word' id='word_1_15' title='bbox 525 377 613 458; x_wconf 81' lang='grc' dir='ltr'>τούτῳ</span> <span class='ocrx_word' id='word_1_16' title='bbox 630 381 669 457; x_wconf 79' lang='grc' dir='ltr'>τῷ</span> <span class='ocrx_word' id='word_1_17' title='bbox 686 376 761 456; x_wconf 87' lang='grc' dir='ltr'>πόνῳ</span> <span class='ocrx_word' id='word_1_18' title='bbox 779 376 796 437; x_wconf 82' lang='grc' dir='ltr'>ό</span> <span class='ocrx_word' id='word_1_19' title='bbox 813 377 994 456; x_wconf 80' lang='grc' dir='ltr'>πολέμαρχος</span> 
     </span>
     <span class='ocr_line' id='line_1_5' title="bbox 196 464 989 547; baseline -0.001 -22"><span class='ocrx_word' id='word_1_20' title='bbox 196 468 385 546; x_wconf 86' lang='grc' dir='ltr'>Καλλίμαχος</span> <span class='ocrx_word' id='word_1_21' title='bbox 408 467 604 542; x_wconf 82' lang='grc' dir='ltr'>διαφθείρεται,</span> <span class='ocrx_word' id='word_1_22' title='bbox 623 465 694 542; x_wconf 68' lang='grc' dir='ltr'>ἀνὴρ</span> <span class='ocrx_word' id='word_1_23' title='bbox 712 465 859 547; x_wconf 87' lang='grc' dir='ltr'>γενόμενος</span> <span class='ocrx_word' id='word_1_24' title='bbox 878 464 989 545; x_wconf 79' lang='grc' dir='ltr'>ἀγαθός,</span> 
     </span>
     <span class='ocr_line' id='line_1_6' title="bbox 180 551 992 634; baseline -0.002 -22"><span class='ocrx_word' id='word_1_25' title='bbox 180 576 182 580; x_wconf 94' lang='grc'>·</span> <span class='ocrx_word' id='word_1_26' title='bbox 194 552 250 614; x_wconf 80' lang='grc' dir='ltr'>α’πῶ</span> <span class='ocrx_word' id='word_1_27' title='bbox 264 553 287 612; x_wconf 82' lang='grc' dir='ltr'>δ’</span> <span class='ocrx_word' id='word_1_28' title='bbox 302 555 381 614; x_wconf 82' lang='grc' dir='ltr'>ἔθανε</span> <span class='ocrx_word' id='word_1_29' title='bbox 390 558 445 614; x_wconf 89' lang='grc' dir='ltr'>τῶν</span> <span class='ocrx_word' id='word_1_30' title='bbox 455 558 620 634; x_wconf 79' lang='grc' dir='ltr'>στρατηγῶν</span> <span class='ocrx_word' id='word_1_31' title='bbox 630 554 790 628; x_wconf 76' lang='grc' dir='ltr'>Στησίλεως</span> <span class='ocrx_word' id='word_1_32' title='bbox 803 551 819 611; x_wconf 83' lang='grc' dir='ltr'>ὁ</span> <span class='ocrx_word' id='word_1_33' title='bbox 829 551 992 628; x_wconf 84' lang='grc' dir='ltr'>Θρασύλεω·</span> 
     </span>
     <span class='ocr_line' id='line_1_7' title="bbox 194 639 994 722; baseline -0.003 -22"><span class='ocrx_word' id='word_1_34' title='bbox 194 645 278 700; x_wconf 76' lang='grc' dir='ltr'>τοῦτο</span> <span class='ocrx_word' id='word_1_35' title='bbox 296 641 326 700; x_wconf 79' lang='grc' dir='ltr'>δὲ</span> <span class='ocrx_word' id='word_1_36' title='bbox 342 642 523 722; x_wconf 81' lang='grc' dir='ltr'>Κυναίγειρος</span> <span class='ocrx_word' id='word_1_37' title='bbox 536 639 552 700; x_wconf 87' lang='grc' dir='ltr'>ό</span> <span class='ocrx_word' id='word_1_38' title='bbox 566 640 745 717; x_wconf 76' lang='grc' dir='ltr'>Εὐφορίωνος</span> <span class='ocrx_word' id='word_1_39' title='bbox 757 640 883 712; x_wconf 71' lang='grc' dir='ltr'>ἐνθαῦτα,</span> <span class='ocrx_word' id='word_1_40' title='bbox 898 643 994 698; x_wconf 76' lang='grc' dir='ltr'>ἐπιλα-</span> 
     </span>
     <span class='ocr_line' id='line_1_8' title="bbox 194 726 994 805; baseline 0.001 -17"><span class='ocrx_word' id='word_1_41' title='bbox 194 728 317 805; x_wconf 85' lang='grc' dir='ltr'>βόμενος</span> <span class='ocrx_word' id='word_1_42' title='bbox 331 733 386 789; x_wconf 88' lang='grc' dir='ltr'>τῶν</span> <span class='ocrx_word' id='word_1_43' title='bbox 404 727 560 804; x_wconf 80' lang='grc' dir='ltr'>ἀφλάστων</span> <span class='ocrx_word' id='word_1_44' title='bbox 578 728 650 802; x_wconf 81' lang='grc' dir='ltr'>νηὸς,</span> <span class='ocrx_word' id='word_1_45' title='bbox 671 727 724 802; x_wconf 75' lang='grc' dir='ltr'>τήν</span> <span class='ocrx_word' id='word_1_46' title='bbox 740 731 823 805; x_wconf 81' lang='grc' dir='ltr'>χεῖρα</span> <span class='ocrx_word' id='word_1_47' title='bbox 843 726 994 790; x_wconf 75' lang='grc' dir='ltr'>ἀποκοπεὶς</span> 
     </span>
     <span class='ocr_line' id='line_1_9' title="bbox 195 814 995 890; baseline -0.001 -17"><span class='ocrx_word' id='word_1_48' title='bbox 195 817 307 876; x_wconf 80' lang='grc' dir='ltr'>πελέκεϊ</span> <span class='ocrx_word' id='word_1_49' title='bbox 319 818 424 877; x_wconf 86' lang='grc' dir='ltr'>πίπτει·</span> <span class='ocrx_word' id='word_1_50' title='bbox 444 820 528 876; x_wconf 83' lang='grc' dir='ltr'>τοῦτο</span> <span class='ocrx_word' id='word_1_51' title='bbox 542 816 571 874; x_wconf 77' lang='grc' dir='ltr'>δὲ</span> <span class='ocrx_word' id='word_1_52' title='bbox 585 815 670 874; x_wconf 79' lang='grc' dir='ltr'>ἄλλοι</span> <span class='ocrx_word' id='word_1_53' title='bbox 682 814 835 890; x_wconf 87' lang='grc' dir='ltr'>Ἀθηναίων</span> <span class='ocrx_word' id='word_1_54' title='bbox 848 815 956 873; x_wconf 85' lang='grc' dir='ltr'>πολλοί</span> <span class='ocrx_word' id='word_1_55' title='bbox 962 841 995 874; x_wconf 89' lang='grc' dir='ltr'>τε</span> 
     </span>
    </p>

    <p class='ocr_par' dir='ltr' id='par_1_3' title="bbox 150 901 995 1676">
     <span class='ocr_line' id='line_1_10' title="bbox 150 901 995 981; baseline 0 -21"><span class='ocrx_word' id='word_1_56' title='bbox 150 905 206 961; x_wconf 87' lang='grc'>115</span> <span class='ocrx_word' id='word_1_57' title='bbox 218 905 263 962; x_wconf 87' lang='grc' dir='ltr'>καὶ</span> <span class='ocrx_word' id='word_1_58' title='bbox 277 903 439 981; x_wconf 79' lang='grc' dir='ltr'>ὀνομαστοί.</span> <span class='ocrx_word' id='word_1_59' title='bbox 463 903 554 963; x_wconf 63' lang='lat' dir='ltr'>‘Emi</span> <span class='ocrx_word' id='word_1_60' title='bbox 561 901 718 980; x_wconf 72' lang='grc' dir='ltr'>μὲνδῆτῶν</span> <span class='ocrx_word' id='word_1_61' title='bbox 726 905 794 962; x_wconf 88' lang='grc' dir='ltr'>νεῶν</span> <span class='ocrx_word' id='word_1_62' title='bbox 802 901 995 978; x_wconf 76' lang='grc' dir='ltr'>ἐπεκράτησαν</span> 
     </span>
     <span class='ocr_line' id='line_1_11' title="bbox 194 988 994 1072; baseline -0.003 -23"><span class='ocrx_word' id='word_1_63' title='bbox 194 991 289 1071; x_wconf 81' lang='grc' dir='ltr'>τρόπῳ</span> <span class='ocrx_word' id='word_1_64' title='bbox 306 992 422 1072; x_wconf 80' lang='grc' dir='ltr'>τοιούτῳ</span> <span class='ocrx_word' id='word_1_65' title='bbox 439 991 592 1068; x_wconf 84' lang='grc' dir='ltr'>Ἀθηναῖοι·</span> <span class='ocrx_word' id='word_1_66' title='bbox 613 994 680 1069; x_wconf 78' lang='grc' dir='ltr'>τῇσι</span> <span class='ocrx_word' id='word_1_67' title='bbox 697 989 727 1048; x_wconf 82' lang='grc' dir='ltr'>δὲ</span> <span class='ocrx_word' id='word_1_68' title='bbox 742 992 862 1066; x_wconf 78' lang='grc' dir='ltr'>λοιπῇσι</span> <span class='ocrx_word' id='word_1_69' title='bbox 878 991 905 1047; x_wconf 84' lang='grc' dir='ltr'>οἱ</span> <span class='ocrx_word' id='word_1_70' title='bbox 922 988 994 1066; x_wconf 80' lang='grc' dir='ltr'>βόρ-</span> 
     </span>
     <span class='ocr_line' id='line_1_12' title="bbox 194 1076 995 1158; baseline -0.004 -22"><span class='ocrx_word' id='word_1_71' title='bbox 194 1080 282 1156; x_wconf 88' lang='grc' dir='ltr'>βαροι</span> <span class='ocrx_word' id='word_1_72' title='bbox 308 1078 583 1158; x_wconf 75' lang='grc' dir='ltr'>ἐξανακρουσάμενοι,</span> <span class='ocrx_word' id='word_1_73' title='bbox 610 1078 656 1136; x_wconf 81' lang='grc' dir='ltr'>καὶ</span> <span class='ocrx_word' id='word_1_74' title='bbox 681 1076 872 1152; x_wconf 76' lang='grc' dir='ltr'>ἀναλαβόντες</span> <span class='ocrx_word' id='word_1_75' title='bbox 893 1081 924 1134; x_wconf 79' lang='grc' dir='ltr'>ἔκ</span> <span class='ocrx_word' id='word_1_76' title='bbox 944 1081 995 1152; x_wconf 72' lang='grc' dir='ltr'>τῆς</span> 
     </span>
     <span class='ocr_line' id='line_1_13' title="bbox 195 1163 993 1246; baseline -0.005 -20"><span class='ocrx_word' id='word_1_77' title='bbox 195 1165 285 1241; x_wconf 87' lang='grc' dir='ltr'>νήσου</span> <span class='ocrx_word' id='word_1_78' title='bbox 308 1172 337 1228; x_wconf 85' lang='grc' dir='ltr'>έν</span> <span class='ocrx_word' id='word_1_79' title='bbox 362 1171 398 1246; x_wconf 77' lang='grc' dir='ltr'>τῇ</span> <span class='ocrx_word' id='word_1_80' title='bbox 422 1169 520 1227; x_wconf 85' lang='grc' dir='ltr'>ἔλιπον</span> <span class='ocrx_word' id='word_1_81' title='bbox 544 1166 581 1226; x_wconf 86' lang='grc' dir='ltr'>τά</span> <span class='ocrx_word' id='word_1_82' title='bbox 608 1165 640 1234; x_wconf 79' lang='grc' dir='ltr'>ἐξ</span> <span class='ocrx_word' id='word_1_83' title='bbox 663 1164 804 1241; x_wconf 86' lang='grc' dir='ltr'>Ἐρετρίης</span> <span class='ocrx_word' id='word_1_84' title='bbox 827 1163 993 1240; x_wconf 80' lang='grc' dir='ltr'>ἀνδράποδα,</span> 
     </span>
     <span class='ocr_line' id='line_1_14' title="bbox 195 1249 994 1331; baseline -0.004 -19"><span class='ocrx_word' id='word_1_85' title='bbox 195 1256 368 1331; x_wconf 86' lang='grc' dir='ltr'>τεριέπλωον</span> <span class='ocrx_word' id='word_1_86' title='bbox 382 1255 497 1320; x_wconf 81' lang='grc' dir='ltr'>Σούνιον</span> <span class='ocrx_word' id='word_1_87' title='bbox 508 1251 680 1330; x_wconf 88' lang='grc' dir='ltr'>βουλόμενοι</span> <span class='ocrx_word' id='word_1_88' title='bbox 699 1252 806 1328; x_wconf 82' lang='grc' dir='ltr'>φθῆναι</span> <span class='ocrx_word' id='word_1_89' title='bbox 822 1250 889 1314; x_wconf 78' lang='grc' dir='ltr'>τούς</span> <span class='ocrx_word' id='word_1_90' title='bbox 911 1249 994 1326; x_wconf 85' lang='grc' dir='ltr'>Ἀθη-</span> 
     </span>
     <span class='ocr_line' id='line_1_15' title="bbox 196 1337 995 1417; baseline -0.003 -17"><span class='ocrx_word' id='word_1_91' title='bbox 196 1342 288 1404; x_wconf 87' lang='grc' dir='ltr'>ναίους</span> <span class='ocrx_word' id='word_1_92' title='bbox 313 1341 475 1417; x_wconf 88' lang='grc' dir='ltr'>ἀπικόμενοι</span> <span class='ocrx_word' id='word_1_93' title='bbox 496 1345 524 1404; x_wconf 84' lang='grc' dir='ltr'>ές</span> <span class='ocrx_word' id='word_1_94' title='bbox 546 1341 580 1400; x_wconf 79' lang='grc' dir='ltr'>τό</span> <span class='ocrx_word' id='word_1_95' title='bbox 602 1339 689 1399; x_wconf 61' lang='grc' dir='ltr'>’ἀστυ</span> <span class='ocrx_word' id='word_1_96' title='bbox 719 1339 793 1414; x_wconf 85' lang='grc' dir='ltr'>αἰτίη</span> <span class='ocrx_word' id='word_1_97' title='bbox 819 1337 849 1396; x_wconf 77' lang='grc' dir='ltr'>δὲ</span> <span class='ocrx_word' id='word_1_98' title='bbox 877 1339 944 1416; x_wconf 83' lang='grc' dir='ltr'>έσχε</span> <span class='ocrx_word' id='word_1_99' title='bbox 964 1343 995 1398; x_wconf 84' lang='grc' dir='ltr'>ἒν</span> 
     </span>
     <span class='ocr_line' id='line_1_16' title="bbox 195 1425 994 1504; baseline -0.004 -18"><span class='ocrx_word' id='word_1_100' title='bbox 195 1426 369 1503; x_wconf 88' lang='grc' dir='ltr'>Ἀθηναίοισι</span> <span class='ocrx_word' id='word_1_101' title='bbox 384 1429 414 1496; x_wconf 78' lang='grc' dir='ltr'>ἐξ</span> <span class='ocrx_word' id='word_1_102' title='bbox 424 1427 662 1504; x_wconf 89' lang='grc' dir='ltr'>Ἀλκμαιωνιδέων</span> <span class='ocrx_word' id='word_1_103' title='bbox 674 1429 802 1504; x_wconf 80' lang='grc' dir='ltr'>μηχανῆς</span> <span class='ocrx_word' id='word_1_104' title='bbox 815 1425 916 1488; x_wconf 79' lang='grc' dir='ltr'>αύτούς</span> <span class='ocrx_word' id='word_1_105' title='bbox 928 1430 994 1484; x_wconf 83' lang='grc' dir='ltr'>ταΰ-</span> 
     </span>
     <span class='ocr_line' id='line_1_17' title="bbox 194 1511 995 1620; baseline -0.001 -47"><span class='ocrx_word' id='word_1_106' title='bbox 194 1539 230 1573; x_wconf 90' lang='grc' dir='ltr'>τα</span> <span class='ocrx_word' id='word_1_107' title='bbox 261 1511 448 1590; x_wconf 65' lang='grc' dir='ltr'>ἐπινοηθῆναι·</span> <span class='ocrx_word' id='word_1_108' title='bbox 477 1514 592 1578; x_wconf 75' lang='grc' dir='ltr'>τούτους</span> <span class='ocrx_word' id='word_1_109' title='bbox 619 1513 675 1620; x_wconf 72' lang='grc' dir='ltr'>γὰρ</span> <span class='ocrx_word' id='word_1_110' title='bbox 706 1514 890 1588; x_wconf 82' lang='grc' dir='ltr'>συνθεμένους</span> <span class='ocrx_word' id='word_1_111' title='bbox 917 1517 995 1573; x_wconf 82' lang='grc' dir='ltr'>τοῖσι</span> 
     </span>
     <span class='ocr_line' id='line_1_18' title="bbox 196 1599 993 1696; baseline 0 -38"><span class='ocrx_word' id='word_1_112' title='bbox 196 1601 330 1678; x_wconf 80' lang='grc' dir='ltr'>Πέρσῃσι</span> <span class='ocrx_word' id='word_1_113' title='bbox 345 1601 474 1670; x_wconf 78' lang='grc' dir='ltr'>ἀναδέξαι</span> <span class='ocrx_word' id='word_1_114' title='bbox 490 1600 631 1672; x_wconf 72' lang='grc' dir='ltr'>σ’σπῶα,’</span> <span class='ocrx_word' id='word_1_115' title='bbox 619 1626 697 1660; x_wconf 89' lang='grc' dir='ltr'>εουσι</span> <span class='ocrx_word' id='word_1_116' title='bbox 711 1599 792 1676; x_wconf 67' lang='grc' dir='ltr'>ᾔδη’</span> <span class='ocrx_word' id='word_1_117' title='bbox 779 1626 808 1658; x_wconf 89' lang='grc' dir='ltr'>εν</span> <span class='ocrx_word' id='word_1_118' title='bbox 815 1604 888 1696; x_wconf 75' lang='grc' dir='ltr'>τῇσι</span> <span class='ocrx_word' id='word_1_119' title='bbox 901 1601 993 1674; x_wconf 88' lang='grc' dir='ltr'>νηυσί.</span> 
     </span>
    </p>

    <p class='ocr_par' dir='ltr' id='par_1_4' title="bbox 82 1666 995 2462">
     <span class='ocr_line' id='line_1_19' title="bbox 82 1666 995 1766; baseline 0.001 -21"><span class='ocrx_word' id='word_1_120' title='bbox 82 1747 85 1756; x_wconf 71' lang='grc'>,</span> <span class='ocrx_word' id='word_1_121' title='bbox 150 1685 353 1747; x_wconf 83' lang='grc' dir='ltr'>116Οὗτοι</span> <span class='ocrx_word' id='word_1_122' title='bbox 319 1713 371 1764; x_wconf 85' lang='grc' dir='ltr'>μεν</span> <span class='ocrx_word' id='word_1_123' title='bbox 384 1687 418 1764; x_wconf 92' lang='grc' dir='ltr'>δη</span> <span class='ocrx_word' id='word_1_124' title='bbox 431 1689 604 1766; x_wconf 89' lang='grc' dir='ltr'>περιέπλωον</span> <span class='ocrx_word' id='word_1_125' title='bbox 620 1687 745 1752; x_wconf 74' lang='grc' dir='ltr'>Σούνιον·</span> <span class='ocrx_word' id='word_1_126' title='bbox 758 1666 902 1762; x_wconf 82' lang='grc' dir='ltr'>Ἀθηναῖοι</span> <span class='ocrx_word' id='word_1_127' title='bbox 915 1687 979 1746; x_wconf 79' lang='grc' dir='ltr'>δὲ</span> <span class='ocrx_word' id='word_1_128' title='bbox 959 1714 995 1751; x_wconf 89' lang='grc' dir='ltr'>ως</span> 
     </span>
     <span class='ocr_line' id='line_1_20' title="bbox 194 1773 995 1885; baseline 0 -51"><span class='ocrx_word' id='word_1_129' title='bbox 194 1775 286 1835; x_wconf 81' lang='grc' dir='ltr'>ποδῶν</span> <span class='ocrx_word' id='word_1_130' title='bbox 314 1776 390 1856; x_wconf 83' lang='grc' dir='ltr'>εἶχον</span> <span class='ocrx_word' id='word_1_131' title='bbox 415 1775 538 1885; x_wconf 85' lang='grc' dir='ltr'>τόχιστα</span> <span class='ocrx_word' id='word_1_132' title='bbox 565 1775 738 1851; x_wconf 78' lang='grc' dir='ltr'>ἐβοήθεον</span> <span class='ocrx_word' id='word_1_133' title='bbox 725 1800 754 1837; x_wconf 88' lang='grc' dir='ltr'>ες</span> <span class='ocrx_word' id='word_1_134' title='bbox 778 1774 812 1834; x_wconf 85' lang='grc' dir='ltr'>τὸ</span> <span class='ocrx_word' id='word_1_135' title='bbox 835 1773 917 1833; x_wconf 84' lang='grc' dir='ltr'>ἀστυ·</span> <span class='ocrx_word' id='word_1_136' title='bbox 948 1776 995 1834; x_wconf 82' lang='grc' dir='ltr'>καὶ</span> 
     </span>
     <span class='ocr_line' id='line_1_21' title="bbox 194 1860 993 1941; baseline 0.003 -21"><span class='ocrx_word' id='word_1_137' title='bbox 194 1862 323 1938; x_wconf 79' lang='grc' dir='ltr'>ἔφθησάν</span> <span class='ocrx_word' id='word_1_138' title='bbox 335 1889 366 1924; x_wconf 92' lang='grc' dir='ltr'>τε</span> <span class='ocrx_word' id='word_1_139' title='bbox 379 1863 542 1940; x_wconf 89' lang='grc' dir='ltr'>ἀπικόμενοι</span> <span class='ocrx_word' id='word_1_140' title='bbox 551 1863 617 1941; x_wconf 85' lang='grc' dir='ltr'>πρὶν</span> <span class='ocrx_word' id='word_1_141' title='bbox 626 1861 645 1939; x_wconf 82' lang='grc' dir='ltr'><strong><em>ἢ</em></strong></span> <span class='ocrx_word' id='word_1_142' title='bbox 654 1888 719 1925; x_wconf 89' lang='grc' dir='ltr'>τους</span> <span class='ocrx_word' id='word_1_143' title='bbox 730 1860 927 1938; x_wconf 77' lang='grc' dir='ltr'>βαρβάρους</span> <span class='ocrx_word' id='word_1_144' title='bbox 908 1887 993 1937; x_wconf 90' lang='grc' dir='ltr'>ηκειν,</span> 
     </span>
     <span class='ocr_line' id='line_1_22' title="bbox 194 1949 995 2032; baseline -0.001 -24"><span class='ocrx_word' id='word_1_145' title='bbox 194 1950 240 2009; x_wconf 80' lang='grc' dir='ltr'>καὶ</span> <span class='ocrx_word' id='word_1_146' title='bbox 254 1952 544 2030; x_wconf 78' lang='grc' dir='ltr'>ἐστρατοπεδεύσαντο</span> <span class='ocrx_word' id='word_1_147' title='bbox 558 1951 706 2032; x_wconf 79' lang='grc' dir='ltr'>ἀπιγμένοι</span> <span class='ocrx_word' id='word_1_148' title='bbox 719 1950 750 2018; x_wconf 80' lang='grc' dir='ltr'>ἐξ</span> <span class='ocrx_word' id='word_1_149' title='bbox 761 1949 935 2026; x_wconf 78' lang='grc' dir='ltr'>Ἡρακληΐου</span> <span class='ocrx_word' id='word_1_150' title='bbox 943 1954 995 2008; x_wconf 77' lang='grc' dir='ltr'>τοῦ</span> 
     </span>
     <span class='ocr_line' id='line_1_23' title="bbox 193 2035 993 2118; baseline -0.004 -21"><span class='ocrx_word' id='word_1_151' title='bbox 193 2043 222 2098; x_wconf 87' lang='grc' dir='ltr'>έν</span> <span class='ocrx_word' id='word_1_152' title='bbox 235 2041 389 2116; x_wconf 75' lang='grc' dir='ltr'>Μαραθῶνι</span> <span class='ocrx_word' id='word_1_153' title='bbox 403 2045 432 2100; x_wconf 88' lang='grc' dir='ltr'>έν</span> <span class='ocrx_word' id='word_1_154' title='bbox 445 2039 525 2118; x_wconf 73' lang='grc' dir='ltr'>ἄλλη)</span> <span class='ocrx_word' id='word_1_155' title='bbox 537 2038 699 2116; x_wconf 77' lang='grc' dir='ltr'>Ἡρακληΐῳ</span> <span class='ocrx_word' id='word_1_156' title='bbox 711 2041 751 2116; x_wconf 78' lang='grc' dir='ltr'>τῷ</span> <span class='ocrx_word' id='word_1_157' title='bbox 763 2041 793 2097; x_wconf 84' lang='grc' dir='ltr'>έν</span> <span class='ocrx_word' id='word_1_158' title='bbox 807 2035 993 2116; x_wconf 75' lang='grc' dir='ltr'>Κυνοσάργεϊ.</span> 
     </span>
     <span class='ocr_line' id='line_1_24' title="bbox 193 2123 994 2204; baseline -0.002 -20"><span class='ocrx_word' id='word_1_159' title='bbox 193 2129 220 2184; x_wconf 85' lang='grc' dir='ltr'>οἱ</span> <span class='ocrx_word' id='word_1_160' title='bbox 244 2125 273 2185; x_wconf 82' lang='grc' dir='ltr'>δὲ</span> <span class='ocrx_word' id='word_1_161' title='bbox 297 2127 444 2204; x_wconf 78' lang='grc' dir='ltr'>βάρβαροι</span> <span class='ocrx_word' id='word_1_162' title='bbox 465 2131 534 2204; x_wconf 71' lang='grc' dir='ltr'>τῇσι</span> <span class='ocrx_word' id='word_1_163' title='bbox 558 2127 641 2202; x_wconf 83' lang='grc' dir='ltr'>νηυσὶ</span> <span class='ocrx_word' id='word_1_164' title='bbox 666 2123 916 2202; x_wconf 80' lang='grc' dir='ltr'>ύπεραιωρηθέντες</span> <span class='ocrx_word' id='word_1_165' title='bbox 938 2131 994 2182; x_wconf 89' lang='grc' dir='ltr'>Φα-</span> 
     </span>
     <span class='ocr_line' id='line_1_25' title="bbox 195 2210 994 2319; baseline 0 -49"><span class='ocrx_word' id='word_1_166' title='bbox 195 2211 292 2289; x_wconf 86' lang='grc' dir='ltr'>λήρου,</span> <span class='ocrx_word' id='word_1_167' title='bbox 310 2216 404 2293; x_wconf 81' lang='grc' dir='ltr'>(τοῦτο</span> <span class='ocrx_word' id='word_1_168' title='bbox 422 2213 478 2319; x_wconf 83' lang='grc' dir='ltr'>γάρ</span> <span class='ocrx_word' id='word_1_169' title='bbox 496 2213 531 2289; x_wconf 82' lang='grc' dir='ltr'>ἦν</span> <span class='ocrx_word' id='word_1_170' title='bbox 545 2215 661 2274; x_wconf 79' lang='grc' dir='ltr'>ἐπίνειον</span> <span class='ocrx_word' id='word_1_171' title='bbox 674 2211 739 2273; x_wconf 91' lang='grc' dir='ltr'>τότε</span> <span class='ocrx_word' id='word_1_172' title='bbox 751 2216 806 2272; x_wconf 89' lang='grc' dir='ltr'>τῶν</span> <span class='ocrx_word' id='word_1_173' title='bbox 819 2210 994 2292; x_wconf 89' lang='grc' dir='ltr'>Ἀθηναίων,)</span> 
     </span>
     <span class='ocr_line' id='line_1_26' title="bbox 192 2297 994 2378; baseline 0.001 -21"><span class='ocrx_word' id='word_1_174' title='bbox 192 2298 262 2374; x_wconf 77' lang='grc' dir='ltr'>ύπέρ</span> <span class='ocrx_word' id='word_1_175' title='bbox 285 2299 385 2360; x_wconf 89' lang='grc' dir='ltr'>τούτου</span> <span class='ocrx_word' id='word_1_176' title='bbox 412 2299 655 2378; x_wconf 82' lang='grc' dir='ltr'>ἀνακωχεύσαντες</span> <span class='ocrx_word' id='word_1_177' title='bbox 676 2325 727 2364; x_wconf 85' lang='grc' dir='ltr'>τας</span> <span class='ocrx_word' id='word_1_178' title='bbox 749 2303 817 2374; x_wconf 77' lang='grc' dir='ltr'>νῆας</span> <span class='ocrx_word' id='word_1_179' title='bbox 843 2297 994 2358; x_wconf 86' lang='grc' dir='ltr'>ἀπέπλωον</span> 
     </span>
     <span class='ocr_line' id='line_1_27' title="bbox 196 2384 584 2498; baseline 0 -53"><span class='ocrx_word' id='word_1_180' title='bbox 196 2384 288 2445; x_wconf 85' lang='grc' dir='ltr'>ὀπίσω</span> <span class='ocrx_word' id='word_1_181' title='bbox 302 2386 392 2493; x_wconf 77' lang='grc' dir='ltr'>ε’ςτην</span> <span class='ocrx_word' id='word_1_182' title='bbox 405 2385 515 2498; x_wconf 83' lang='grc' dir='ltr'>Ασίην.</span> <span class='ocrx_word' id='word_1_183' title='bbox 581 2439 584 2446; x_wconf 80' lang='grc'>,</span> 
     </span>
    </p>

    <p class='ocr_par' dir='ltr' id='par_1_5' title="bbox 147 2471 1037 2990">
     <span class='ocr_line' id='line_1_28' title="bbox 147 2471 994 2553; baseline 0.004 -22"><span class='ocrx_word' id='word_1_184' title='bbox 147 2473 202 2532; x_wconf 82' lang='grc'>117</span> <span class='ocrx_word' id='word_1_185' title='bbox 245 2471 293 2532; x_wconf 85' lang='grc' dir='ltr'>Ἐν</span> <span class='ocrx_word' id='word_1_186' title='bbox 309 2472 398 2552; x_wconf 85' lang='grc' dir='ltr'>ταύτῃ</span> <span class='ocrx_word' id='word_1_187' title='bbox 414 2477 450 2553; x_wconf 80' lang='grc' dir='ltr'>τῇ</span> <span class='ocrx_word' id='word_1_188' title='bbox 468 2479 497 2534; x_wconf 85' lang='grc' dir='ltr'>έν</span> <span class='ocrx_word' id='word_1_189' title='bbox 513 2475 667 2551; x_wconf 86' lang='grc' dir='ltr'>Μαραθῶνι</span> <span class='ocrx_word' id='word_1_190' title='bbox 686 2473 766 2552; x_wconf 79' lang='grc' dir='ltr'>μάχῃ</span> <span class='ocrx_word' id='word_1_191' title='bbox 784 2472 977 2534; x_wconf 89' lang='grc' dir='ltr'>ἀπέθανον</span> <span class='ocrx_word' id='word_1_192' title='bbox 938 2499 994 2534; x_wconf 89' lang='grc' dir='ltr'>των</span> 
     </span>
     <span class='ocr_line' id='line_1_29' title="bbox 191 2559 993 2670; baseline 0.001 -51"><span class='ocrx_word' id='word_1_193' title='bbox 191 2559 347 2636; x_wconf 78' lang='grc' dir='ltr'>βαρβάρων</span> <span class='ocrx_word' id='word_1_194' title='bbox 363 2587 433 2620; x_wconf 90' lang='grc' dir='ltr'>κατα</span> <span class='ocrx_word' id='word_1_195' title='bbox 424 2560 658 2640; x_wconf 76' lang='grc' dir='ltr'>ἑξακισχιλίους</span> <span class='ocrx_word' id='word_1_196' title='bbox 674 2562 720 2620; x_wconf 86' lang='grc' dir='ltr'>καὶ</span> <span class='ocrx_word' id='word_1_197' title='bbox 737 2561 934 2670; x_wconf 85' lang='grc' dir='ltr'>τετρακοσίους</span> <span class='ocrx_word' id='word_1_198' title='bbox 947 2587 993 2620; x_wconf 91' lang='grc' dir='ltr'>αν-</span> 
     </span>
     <span class='ocr_line' id='line_1_30' title="bbox 194 2646 1037 2724; baseline 0.002 -20"><span class='ocrx_word' id='word_1_199' title='bbox 194 2646 268 2723; x_wconf 84' lang='grc' dir='ltr'>δρας,</span> <span class='ocrx_word' id='word_1_200' title='bbox 293 2646 447 2724; x_wconf 87' lang='grc' dir='ltr'>Ἀθηναίων</span> <span class='ocrx_word' id='word_1_201' title='bbox 473 2648 542 2707; x_wconf 77' lang='grc' dir='ltr'>δὲ</span> <span class='ocrx_word' id='word_1_202' title='bbox 530 2648 628 2708; x_wconf 82' lang='grc' dir='ltr'>εκατδν</span> <span class='ocrx_word' id='word_1_203' title='bbox 655 2647 833 2724; x_wconf 87' lang='grc' dir='ltr'>ε’ννενηκοντα</span> <span class='ocrx_word' id='word_1_204' title='bbox 860 2648 906 2706; x_wconf 88' lang='grc' dir='ltr'>καὶ</span> <span class='ocrx_word' id='word_1_205' title='bbox 933 2646 992 2707; x_wconf 88' lang='grc' dir='ltr'>δύο·</span> <span class='ocrx_word' id='word_1_206' title='bbox 1034 2706 1037 2712; x_wconf 87' lang='grc'>,</span> 
     </span>
     <span class='ocr_line' id='line_1_31' title="bbox 192 2733 993 2812; baseline 0.001 -20"><span class='ocrx_word' id='word_1_207' title='bbox 192 2733 294 2793; x_wconf 80' lang='grc' dir='ltr'>ἔπεσον</span> <span class='ocrx_word' id='word_1_208' title='bbox 311 2736 362 2810; x_wconf 83' lang='grc' dir='ltr'>μὲν</span> <span class='ocrx_word' id='word_1_209' title='bbox 380 2734 546 2812; x_wconf 87' lang='grc' dir='ltr'>ἀμφοτέρων</span> <span class='ocrx_word' id='word_1_210' title='bbox 564 2738 706 2795; x_wconf 79' lang='grc' dir='ltr'>τοσοῦτοι.</span> <span class='ocrx_word' id='word_1_211' title='bbox 747 2733 890 2810; x_wconf 77' lang='grc' dir='ltr'>συνήνεικε</span> <span class='ocrx_word' id='word_1_212' title='bbox 904 2734 980 2793; x_wconf 78' lang='grc' dir='ltr'>δὲ’</span> <span class='ocrx_word' id='word_1_213' title='bbox 946 2761 993 2794; x_wconf 83' lang='lat' dir='ltr'>av-</span> 
     </span>
     <span class='ocr_line' id='line_1_32' title="bbox 190 2819 993 2903; baseline 0.001 -24"><span class='ocrx_word' id='word_1_214' title='bbox 190 2819 254 2881; x_wconf 87' lang='grc' dir='ltr'>τόθι</span> <span class='ocrx_word' id='word_1_215' title='bbox 271 2821 351 2898; x_wconf 88' lang='grc' dir='ltr'>θῶμα</span> <span class='ocrx_word' id='word_1_216' title='bbox 369 2822 502 2903; x_wconf 89' lang='grc' dir='ltr'>γενέσθαι</span> <span class='ocrx_word' id='word_1_217' title='bbox 517 2821 633 2883; x_wconf 86' lang='grc' dir='ltr'>τοιόνδε·</span> <span class='ocrx_word' id='word_1_218' title='bbox 654 2820 803 2898; x_wconf 83' lang='grc' dir='ltr'>Ἀθηναῖον</span> <span class='ocrx_word' id='word_1_219' title='bbox 816 2820 902 2900; x_wconf 77' lang='grc' dir='ltr'>ἄνδρα</span> <span class='ocrx_word' id='word_1_220' title='bbox 915 2821 993 2881; x_wconf 87' lang='grc' dir='ltr'>Ἐπί-</span> 
     </span>
     <span class='ocr_line' id='line_1_33' title="bbox 191 2907 994 2990; baseline 0.004 -24"><span class='ocrx_word' id='word_1_221' title='bbox 191 2908 277 2984; x_wconf 82' lang='grc' dir='ltr'>ζηλον</span> <span class='ocrx_word' id='word_1_222' title='bbox 293 2907 342 2969; x_wconf 80' lang='grc' dir='ltr'>τόν</span> <span class='ocrx_word' id='word_1_223' title='bbox 360 2909 553 2990; x_wconf 78' lang='grc' dir='ltr'>Κουφαγόρεω</span> <span class='ocrx_word' id='word_1_224' title='bbox 572 2911 653 2987; x_wconf 78' lang='grc' dir='ltr'>έντῇ</span> <span class='ocrx_word' id='word_1_225' title='bbox 674 2908 815 2968; x_wconf 81' lang='grc' dir='ltr'>συστάσει</span> <span class='ocrx_word' id='word_1_226' title='bbox 832 2908 994 2988; x_wconf 87' lang='grc' dir='ltr'>μαχόμενόν</span> 
     </span>
    </p>
   </div>
   <div class='ocr_carea' id='block_1_2' title="bbox 190 2993 993 3337">
    <p class='ocr_par' dir='ltr' id='par_1_6' title="bbox 190 2993 993 3337">
     <span class='ocr_line' id='line_1_34' title="bbox 190 2993 993 3076; baseline 0 -22"><span class='ocrx_word' id='word_1_227' title='bbox 190 3020 221 3054; x_wconf 87' lang='grc' dir='ltr'>τε</span> <span class='ocrx_word' id='word_1_228' title='bbox 236 2995 282 3054; x_wconf 87' lang='grc' dir='ltr'>καὶ</span> <span class='ocrx_word' id='word_1_229' title='bbox 295 2993 381 3072; x_wconf 79' lang='grc' dir='ltr'>ἄνδρα</span> <span class='ocrx_word' id='word_1_230' title='bbox 395 2995 541 3076; x_wconf 87' lang='grc' dir='ltr'>γινόμενον</span> <span class='ocrx_word' id='word_1_231' title='bbox 558 2994 663 3075; x_wconf 78' lang='grc' dir='ltr'>ἀγαθόν</span> <span class='ocrx_word' id='word_1_232' title='bbox 681 3000 735 3056; x_wconf 90' lang='grc' dir='ltr'>τῶν</span> <span class='ocrx_word' id='word_1_233' title='bbox 748 2994 879 3072; x_wconf 87' lang='grc' dir='ltr'>όμμάτων</span> <span class='ocrx_word' id='word_1_234' title='bbox 893 3021 993 3072; x_wconf 88' lang='grc' dir='ltr'>στερη-</span> 
     </span>
     <span class='ocr_line' id='line_1_35' title="bbox 191 3080 992 3163; baseline -0.004 -20"><span class='ocrx_word' id='word_1_235' title='bbox 191 3084 280 3158; x_wconf 82' lang='grc' dir='ltr'>θῆναι,</span> <span class='ocrx_word' id='word_1_236' title='bbox 297 3081 360 3143; x_wconf 85' lang='grc' dir='ltr'>ούτε</span> <span class='ocrx_word' id='word_1_237' title='bbox 378 3083 522 3163; x_wconf 86' lang='grc' dir='ltr'>πληγέντα</span> <span class='ocrx_word' id='word_1_238' title='bbox 539 3081 616 3142; x_wconf 81' lang='grc' dir='ltr'>ούδὲν</span> <span class='ocrx_word' id='word_1_239' title='bbox 629 3085 679 3142; x_wconf 75' lang='grc' dir='ltr'>τοῦ</span> <span class='ocrx_word' id='word_1_240' title='bbox 693 3082 823 3158; x_wconf 76' lang='grc' dir='ltr'>σώματος</span> <span class='ocrx_word' id='word_1_241' title='bbox 841 3080 905 3141; x_wconf 80' lang='grc' dir='ltr'>οὔτε</span> <span class='ocrx_word' id='word_1_242' title='bbox 917 3084 992 3158; x_wconf 83' lang='grc' dir='ltr'>βλη-</span> 
     </span>
     <span class='ocr_line' id='line_1_36' title="bbox 191 3167 992 3245; baseline -0.001 -15"><span class='ocrx_word' id='word_1_243' title='bbox 191 3171 282 3231; x_wconf 88' lang='grc' dir='ltr'>θέντα·</span> <span class='ocrx_word' id='word_1_244' title='bbox 300 3170 345 3230; x_wconf 84' lang='grc' dir='ltr'>καὶ</span> <span class='ocrx_word' id='word_1_245' title='bbox 358 3169 391 3230; x_wconf 78' lang='grc' dir='ltr'>τὰ</span> <span class='ocrx_word' id='word_1_246' title='bbox 404 3167 506 3228; x_wconf 81' lang='grc' dir='ltr'>λοιπῶν</span> <span class='ocrx_word' id='word_1_247' title='bbox 518 3172 568 3245; x_wconf 77' lang='grc' dir='ltr'>τῆς</span> <span class='ocrx_word' id='word_1_248' title='bbox 581 3168 645 3245; x_wconf 82' lang='grc' dir='ltr'>ζόης</span> <span class='ocrx_word' id='word_1_249' title='bbox 658 3169 808 3230; x_wconf 87' lang='grc' dir='ltr'>διατελέειν</span> <span class='ocrx_word' id='word_1_250' title='bbox 821 3167 878 3228; x_wconf 78' lang='grc' dir='ltr'>ἀπό</span> <span class='ocrx_word' id='word_1_251' title='bbox 891 3167 992 3229; x_wconf 87' lang='grc' dir='ltr'>τούτου</span> 
     </span>
     <span class='ocr_line' id='line_1_37' title="bbox 190 3254 991 3337; baseline 0.002 -23"><span class='ocrx_word' id='word_1_252' title='bbox 190 3260 240 3316; x_wconf 76' lang='grc' dir='ltr'>τοῦ</span> <span class='ocrx_word' id='word_1_253' title='bbox 252 3257 355 3337; x_wconf 86' lang='grc' dir='ltr'>χρόνου</span> <span class='ocrx_word' id='word_1_254' title='bbox 368 3255 450 3318; x_wconf 78' lang='grc' dir='ltr'>ἐόντα</span> <span class='ocrx_word' id='word_1_255' title='bbox 466 3254 586 3332; x_wconf 87' lang='grc' dir='ltr'>τυφλόν.</span> <span class='ocrx_word' id='word_1_256' title='bbox 620 3256 713 3336; x_wconf 85' lang='grc' dir='ltr'>λέγειν</span> <span class='ocrx_word' id='word_1_257' title='bbox 726 3256 756 3316; x_wconf 79' lang='grc' dir='ltr'>δὲ</span> <span class='ocrx_word' id='word_1_258' title='bbox 765 3254 851 3318; x_wconf 81' lang='grc' dir='ltr'>αύτόν</span> <span class='ocrx_word' id='word_1_259' title='bbox 864 3255 928 3334; x_wconf 84' lang='grc' dir='ltr'>περὶ</span> <span class='ocrx_word' id='word_1_260' title='bbox 940 3259 991 3316; x_wconf 81' lang='grc' dir='ltr'>τοῦ</span> 
     </span>
    </p>
   </div>
   <div class='ocr_carea' id='block_1_3' title="bbox 0 0 1152 3430">
    <p class='ocr_par' dir='ltr' id='par_1_7' title="bbox 0 0 1152 3430">
     <span class='ocr_line' id='line_1_38' title="bbox 0 0 1152 3430; baseline 0 0"><span class='ocrx_word' id='word_1_261' title='bbox 0 0 1152 3430; x_wconf 95' lang='lat' dir='ltr'> </span> 
     </span>
    </p>
   </div>
  </div>
 </body>
</html>
