2204 3430
176 101 208 150 24
488 95 673 146 *HPOAO'I'O'P
933 94 982 162 [V.

174 181 202 241 ές
222 176 357 257 διῶρυχας
373 175 506 254 ἓξὴκοντα
521 177 566 235 καὶ
579 176 748 254 τριηκοσίας.
791 181 822 236 ἐκ
838 177 868 236 δέ
880 176 985 254 ταότης

173 269 224 340 τῆς
247 264 394 343 Ἀρμενίης
421 263 598 341 ε’σβάλλοντι
625 269 653 328 ές
677 264 729 342 τὴν
750 263 898 340 Ματιηνὴν
917 271 982 346 γῆν,

174 353 300 430 σταθμοί
310 357 368 413 εἶσι
377 354 519 430 τέσσερες.
550 357 579 412 ἐκ
593 351 622 412 δὲ
635 351 737 429 ταύτης
746 357 773 416 ἔς
785 351 838 428 τὴν
852 354 982 430 Κισσίην

173 441 268 520 χῶρην
289 441 496 519 μεταβαίνοντι,
520 441 615 501 ἕνδεκα
639 441 771 518 σταθμοὶ,
795 439 983 524 παρασάγγαι

174 529 203 588 δὲ
217 526 267 593 δύο
280 529 326 589 καὶ
338 528 546 608 τεσσεράκοντα
560 530 606 588 καὶ
619 527 709 607 ἡμισά
719 534 781 589 ε’στι
795 529 840 588 ε’πὶ
851 530 983 607 ποταμόν

174 615 323 694 Χοάσπην,
345 617 427 678 ε’όντα
453 619 500 677 καὶ
521 622 622 680 τοῦτον
645 620 860 696 νηυσιπέρητον·
892 617 935 677 ἐπ’
960 616 983 699 ᾧ

175 706 273 769 Σοῦσα
285 705 369 770 πόλις
384 705 566 767 πεπόλισται.
608 704 685 766 οὗτοι
699 710 726 766 οἱ
739 706 840 769 πάντες
853 707 986 784 σταθμοί

175 797 231 852 εἶσι
245 793 340 854 ἕνδεκα
350 793 396 853 καὶ
410 793 517 854 ἑκατόν.
547 795 706 876 καταγωγαὶ
718 796 770 871 μέν
784 821 832 854 νυν
842 796 982 873 σταθμῶν

125 884 164 940 53
174 884 314 944 τοσαῦταί
322 886 377 942 εἶσι
391 887 421 942 ἐκ
436 882 560 960 Σαρδίων
574 887 601 947 ἐς
616 884 714 948 Σοῦσα
724 881 914 959 ἀναβαίνοντι.
943 889 983 946 Εἰ

191 972 203 1029 ὲ
219 969 307 1049 ὀρθῶς
322 972 494 1050 μεμέτρηται
511 970 530 1048 ἡ
549 970 613 1036 ὁδός
633 970 652 1048 ἡ
672 971 815 1047 βασιληίη
830 975 907 1030 τοῖσι
926 998 980 1032 πα·

172 1060 346 1144 ρασάγγησι,
375 1061 420 1120 καὶ
447 1059 463 1120 ό
488 1059 676 1141 παρασάγγης
696 1057 810 1120 δύναται
829 1059 980 1136 τριήκοντα

173 1149 283 1219 στάδια,
302 1149 397 1226 ῶσπερ
414 1145 494 1210 οὗτός
511 1173 545 1228 γε
565 1146 679 1207 δύναται
696 1151 792 1216 ταῦτα,
808 1151 838 1205 έκ
855 1147 980 1224 Σαρδίων

176 1236 278 1296 στάδιά
292 1242 354 1296 ε’στι
368 1240 395 1298 ἐς
407 1233 443 1294 τά
456 1234 600 1310 βασιλὴἳα
612 1233 648 1295 τά
661 1233 808 1311 Μεμνόνια
822 1233 980 1310 καλεόμενα

173 1321 344 1382 πεντακόσια
363 1322 409 1380 καὶ
427 1323 574 1400 τρισχίλια
592 1322 638 1380 καὶ
658 1321 752 1400 μόρια,
771 1325 980 1406 παρασαγγέων

173 1408 272 1470 ε’όντων
291 1408 462 1485 πεντήκοντα
480 1410 525 1468 καὶ
543 1411 739 1488 τετρακοσίων·
760 1410 932 1487 πεντήκοντα
950 1413 980 1474 δὲ

174 1497 220 1556 καὶ
233 1496 331 1558 ἑκατόν
344 1496 446 1558 στάδια
459 1496 501 1558 ἐπ’
514 1497 604 1578 ἡμέρη
618 1498 723 1578 ἑκάστῃ
740 1498 882 1571 διεξιοῦσι,
902 1499 979 1561 άναι-

126 1588 164 1645 54
174 1589 323 1661 σιμοῦνται
350 1585 452 1662 ἡμέραι
478 1585 581 1664 άπαρτὶ
605 1585 791 1664 ε’ννενὴκοντα.
835 1587 915 1648 Οὕτω
939 1591 979 1670 τῶ

173 1673 309 1753 Μιλησίῳ
321 1672 520 1755 Ἀρισταγόρῃ,
536 1676 644 1736 εἴπαντι
659 1676 730 1753 πρός
746 1676 910 1754 Κλεομένεα
928 1679 979 1740 τόν

175 1761 395 1840 Λακεδαιμόνιον
418 1761 488 1824 εἶναι
510 1767 593 1841 τριῶν
619 1767 713 1842 μηνῶν
733 1763 786 1840 τὴν
807 1765 906 1826 ἄνοδον
926 1766 978 1843 τὴν

174 1851 251 1929 παραὶ
261 1853 397 1930 βασιλέα,
410 1851 498 1930 ὀρθῶς
512 1854 614 1931 εἴρητο.
644 1857 667 1912 εἶ
680 1853 711 1912 δέ
722 1880 764 1917 τις
772 1854 805 1914 τό
816 1853 978 1932 άτρεκέστε-

172 1967 224 2020 ρον
236 1939 341 2004 τούτων
356 1942 395 2002 ἔτι
409 1939 524 2020 δίζηται,
540 1941 593 2024 ε’γῶ
610 1942 657 2002 καὶ
669 1945 753 2004 ‘nstro
771 1944 911 2019 σημανέω·
926 1944 979 2020 τὴν

173 2030 229 2112 γάρ
244 2030 274 2101 ἐξ
286 2029 412 2108 Ἐφέσου
430 2035 457 2095 ές
475 2029 577 2109 Σάρδις
590 2030 656 2092 όδόν
669 2030 711 2090 δεῖ
723 2031 978 2112 προσλογίσασθαι

173 2118 270 2195 ταύτῃ·
312 2119 359 2176 καὶ
386 2117 421 2194 δὴ
445 2121 520 2199 λέγω
547 2119 677 2181 σταδίους
698 2117 767 2178 εἶναι
786 2117 852 2182 τοῦς
872 2119 978 2185 πάντας

173 2203 230 2264 άπό
245 2203 396 2281 θαλάσσης
408 2208 459 2280 τῆς
471 2205 640 2281 Ἑλληνικῆς
649 2205 734 2284 μέχρι
745 2206 869 2277 Σούσων,
882 2208 977 2289 (τοῦτο

172 2289 229 2373 γάρ
251 2290 411 2366 Μεμνόνιον
432 2289 504 2351 ἄστυ
526 2291 676 2371 καλέεται,)
700 2293 909 2370 τεσσεράκοντα
930 2301 978 2360 καὶ

174 2377 416 2457 τετρακισχιλίους
434 2379 481 2436 καὶ
498 2379 622 2455 μυρίους·
643 2381 670 2437 οἱ
688 2379 743 2459 γάρ
763 2381 794 2450 ἐξ
805 2381 931 2459 Ἐφέσου
950 2392 978 2448 ἐς

174 2459 276 2536 Σάρδις
292 2458 347 2518 εἶσὶ
363 2457 573 2536 τεσσεράκοντα
589 2458 635 2517 καὶ
652 2460 833 2520 πεντακόσιοι
855 2465 977 2526 στάδιοι·

175 2547 221 2606 καὶ
234 2546 304 2608 οὕτω
317 2547 394 2625 τρισὶ
406 2547 529 2628 ἡμέρῃσι
542 2546 692 2625 μηκύνεται
705 2547 724 2625 ἡ
736 2549 868 2627 τρίμηνος
881 2550 954 2614 ὁδός.

126 2639 165 2696 55
212 2635 453 2714 Ἀπελαυνόμενος
470 2637 500 2697 δὲ
514 2636 530 2698 ό
545 2637 749 2720 Ἀρισταγόρης
767 2641 796 2696 ἐκ
815 2639 866 2713 τῆς
883 2636 976 2714 Στάρ

173 2751 231 2801 της,
254 2723 297 2800 ἡῖε
320 2729 347 2788 ές
368 2726 418 2790 τοὶς
440 2725 562 2802 Ἀθήνας
588 2727 738 2808 γενομένας
758 2724 897 2804 τυράννων
925 2723 977 2787 ῶδε

175 2812 329 2889 ἐλευθέρας·
345 2813 568 2894 ε’πεὶἸπταρχον
577 2814 627 2875 τόν
637 2815 855 2894 Πεισιστράτου,
864 2813 977 2875 Ἱππίεω

173 2899 203 2958 δὲ
215 2903 267 2960 τοῦ
280 2899 414 2977 τυράννου
433 2900 583 2980 ἀδελφεόν,
599 2903 692 2965 ἰδόντα
711 2904 776 2985 όψιν
797 2905 924 2966 ε’νυπνίου
939 2905 977 2982 τῶ

174 2991 275 3049 ἑωυτοῦ
285 2990 369 3049 πάθεῖ
383 2991 596 3073 ἐναργεστάτην,
612 2995 749 3055 κτείνουσι
762 2994 977 3076 Ἀριστογείτων

176 3076 222 3134 καὶ
239 3077 395 3156 Ἁρμόδιος,
409 3080 488 3160 γένος
506 3077 596 3144 ἐόντες
613 3081 647 3142 τά
665 3081 796 3146 α’νέκαθεν
815 3083 976 3158 Γεφυραῖοι,

173 3165 245 3234 μετά
257 3171 345 3227 ταῦτα
355 3167 564 3246 ἐτυραννεύοντο
574 3168 718 3248 Ἀθηναῖοι
729 3173 770 3233 ἐπ’
782 3173 843 3233 ἔτεα
853 3171 977 3245 τέσσερα

15 3285 97 3364 ι
128 3240 165 3297 56
178 3246 255 3309 οὐδὲν
268 3253 371 3328 ἧσσον,
385 3255 520 3316 άλλάκωὶ
533 3262 655 3334 μᾶλλον,
669 3259 687 3337 ἡ
701 3261 756 3339 πρό
769 3264 829 3322 τοῦ.
867 3255 904 3315 Ἡ
926 3255 978 3332 μέν
