2240 3424
154 114 261 180 30-33]
462 111 651 162 ιιιιιιουω.
904 109 951 163 νοτ

152 198 189 260 τοὶ
198 192 344 271 Ἑλλήνων
355 193 446 271 ηὖξον,
462 193 527 269 περὶ
539 191 590 252 τόν
603 189 778 268 Παρνησσὸν
793 189 954 268 κατειλημέ-

154 311 207 348 νοι·
224 284 270 343 καὶ
281 282 404 346 ἐήεῦτεν
414 278 593 357 όρμειόμενοι,
604 277 705 356 ἔφερόν
716 304 748 339 τε
762 279 808 338 καὶ
821 279 891 359 ἦγον
903 280 955 355 τήν

144 399 185 432 ,τε
202 371 362 448 Μαρδονίου
381 368 516 446 στρατιὴν
534 369 579 426 καί
596 367 660 430 τούς
680 366 739 444 μετ’
757 366 841 426 αὐτοῦ
862 367 956 430 ἐόντας

155 459 308 535 Ἑλλήνων·
330 457 408 527 ἔταξε
425 457 454 516 δὲ
473 455 519 516 καὶ
535 454 700 518 Μακεδόνας
711 479 742 516 τε
757 456 803 514 καὶ
815 455 880 518 τούς
893 455 956 532 περὶ

156 547 320 622 Θεσσαλίην
335 545 495 622 οἰκημένους
509 543 579 603 κατά
597 543 661 607 τούς
673 542 844 620 Ἀθηναίους.
858 581 863 590 ·
886 547 957 600 Ταῦ·
966 543 1004 602 32

155 661 191 698 τα
208 638 261 712 μὲν
278 638 334 695 τῶν
352 634 450 694 ἐθνέων
467 632 504 693 τά
519 632 643 713 μέγιστοι
660 631 815 709 όνόμοοται
833 634 888 690 τῶν
904 629 958 690 ὑπό

157 723 318 802 Μαρδονίου
342 722 506 800 ταχθέντων,
533 721 625 798 τάπερ·
642 718 853 796 ἐπιφανέστατά
871 745 903 779 τε
922 717 957 794 ἦν

158 813 205 872 καὶ
224 811 314 892 λόγου
335 811 481 869 πλείστου·
506 813 609 884 ἐνῆσαν
630 809 659 868 δὲ
680 809 725 866 καὶ
745 807 841 868 ἄλλων
861 807 959 868 ἐθνέων

158 898 253 977 ἄνδρες
272 897 497 978 ἀναμεμιγμένοι,
513 900 630 976 Φρυγῶν
650 921 680 956 τε
699 895 896 973 καὶ-Θρηίκων,
915 894 961 953 καὶ

159 991 268 1047 Μυσῶν
288 1011 319 1046 τε
341 985 387 1044 καί
405 984 541 1058 Παιόνων,
560 985 606 1042 καὶ
623 987 678 1044 τῶν
693 983 799 1043 άλλων·
820 987 849 1043 ἐν
868 983 961 1041 δὲκαὶ

160 1074 302 1134 Αἰθιόπων
317 1098 348 1132 τε
365 1072 411 1132 καὶ
429 1072 588 1152 Αἰγυπτίων
606 1071 649 1152 (οἵ
665 1097 697 1133 τε
710 1069 900 1148 ’Ἑρμοτύβιες
916 1069 962 1128 καὶ

161 1165 187 1221 οἱ
202 1161 376 1238 Καλασίριες
389 1159 565 1240 καλεόμενοι)
574 1159 792 1239 μαχαιροφόροι·
815 1159 893 1236 οἵπερ
908 1157 963 1217 εἰσὶ

161 1251 320 1330 Αἰγυπτίων
333 1253 432 1326 μοῦνοι
444 1248 574 1328 μάχιμοι·
595 1247 708 1312 τούτους
725 1247 754 1306 δὲ
767 1248 810 1320 Ιἔτι
829 1251 858 1306 ἐν
871 1246 965 1321 Φαλή-

160 1363 200 1418 ρῳ
214 1337 265 1398 ἐιδν
278 1335 334 1396 ιίπό
344 1341 399 1396 τῶν
410 1341 481 1412 νηιῗιν
492 1335 703 1414 ἀπεβιβάσατο,
715 1335 809 1398 ἐόντας
819 1333 966 1412 ἐπιβάτας·

163 1423 196 1504 ου’
223 1425 278 1506 γάρ
306 1424 467 1504 ἐτάχθησαν
492 1429 519 1488 ἐς
542 1424 591 1484 τδν
614 1421 699 1496 πεζόν
724 1422 774 1484 τόν
795 1421 854 1500 ἅμα
875 1421 966 1500 Ξέρξη
1010 1501 1012 1507 Ι

163 1511 332 1590 α’πικόμενον
345 1517 372 1575 ἐς
385 1511 505 1588 Ἀθήνας
519 1511 678 1593 Αἰγύπτιοι.
715 1515 770 1571 τῶν
782 1513 833 1588 μὲν
847 1509 882 1585 δὴ
894 1511 966 1586 βαρ-

162 1599 258 1677 βάρων
284 1599 359 1677 ἦσαν
379 1598 528 1678 τριήκοντα
551 1599 688 1678 μυριάδες,
710 1599 746 1664 ὥς
766 1599 811 1658 καὶ
831 1596 967 1676 πρότερον

163 1687 326 1764 δεδήλωται·
346 1692 401 1749 τῶν
414 1687 444 1747 δὲ
456 1687 601 1764 Ἑλλήνων
613 1692 668 1748 τῶν
682 1683 841 1764 Μαρδονίου
856 1683 967 1762 συμμά·
1038 1763 1043 1773 .

163 1801 220 1854 χων
230 1777 287 1835 οἶδε
300 1778 352 1854 μὲν
361 1775 449 1838 οὐδεὶς
459 1774 587 1854 ἀριθμόν·
602 1774 635 1834 οὗ
645 1773 701 1856 γάρ
713 1773 749 1835 ὧν
758 1773 971 1852 ἠριθμήθησαν·

164 1863 199 1926 ὦς
225 1864 254 1922 δὲ
282 1863 436 1933 ἐπεικάσαι,
464 1869 492 1926 ἐς
518 1864 600 1924 πέντε
630 1863 765 1941 μυριάδας
793 1865 967 1943 συλλεγῆναι

165 1950 270 2020 εἰκάζω.
312 1947 389 2010 οὗτοι
410 1954 437 2008 οἱ
456 1952 681 2030 παραταχθέντες
700 1951 779 2023 πεζοὶ
798 1950 882 2028 ἦσαν·
902 1949 971 2026 ἡδὲ·

167 2037 251 2100 ἵππος
263 2037 347 2116 χωρὶς
361 2037 496 2097 ἐτέτακτο.

204 2123 253 2187 Ὡς
274 2125 304 2184 δὲ
324 2122 380 2201 άρα
400 2122 501 2186 πάντες
522 2129 549 2184 οἱ
570 2123 721 2204 ἐτετάχατο
742 2124 813 2186 κατά
836 2150 867 2186 τε
889 2125 968 2184 ἔθνεα
977 2127 1014 2183 33

166 2213 212 2272 καὶ
225 2211 295 2272 κατά
313 2211 406 2282 τέλεα,
426 2211 545 2272 ἐνθαῦτα
562 2215 598 2291 τῇ
618 2211 730 2292 δευτέρη
745 2211 835 2290 ἡμέρῃ
854 2212 968 2272 ἐθύοντο

166 2299 393 2378 καὶάμφότεροι.
428 2297 556 2376 Ἕλλησι
575 2301 627 2378 μὲν
646 2301 803 2378 Τισαμενός
822 2300 969 2380 Ἀντιόχου

166 2387 201 2464 ἦν
222 2387 238 2448 ό
260 2388 402 2466 θυόμενος·
434 2384 515 2451 οἶτος
533 2387 590 2470 γάρ
611 2387 645 2464 δῆ
666 2390 758 2448 εἵπετο
779 2392 817 2467 τῷ
837 2386 969 2466 στρατεί-

165 2501 232 2552 ματι
251 2475 339 2554 τούτῳ
354 2473 462 2552 μάντις·
488 2475 547 2546 τόν,
567 2475 648 2536 ἐόντα
670 2475 786 2536 Ἠλεῖον
808 2477 853 2535 καὶ
876 2477 970 2557 γένεος

165 2567 216 2622 τοῦ
232 2561 375 2640 Ἰαμιδέων
388 2563 558 2640 Κλυτιάδην,
572 2564 785 2642 Λακεδαιμόνιοι
801 2565 970 2640 ἐποιήσαντο

166 2651 371 2728 λεωσφέτερον·
391 2655 536 2731 Τισαμενῷ
557 2651 612 2733 γάρ
634 2653 827 2731 μαντευομένῳ
850 2657 879 2712 ἐν
897 2655 969 2711 Δελ-

167 2743 250 2814 φοῖσι
277 2738 341 2816 περὶ
366 2738 459 2821 γόνου,
486 2738 579 2800 α’νεῖλε
604 2739 624 2816 ἦ
651 2741 745 2817 Πυθίη
772 2739 880 2821 άγῶνας
906 2739 970 2802 τούς

166 2827 318 2908 μεγίστους
335 2826 540 2911 άναιρήσεσθαι
561 2831 653 2890 πέντε·
674 2827 690 2888 ό
711 2831 763 2905 μὲν
784 2827 819 2904 δὴ
840 2826 972 2906 αἱμαρτοίν

167 2918 218 2974 τοῦ
231 2916 412 2994 χρηστηρίου,
427 2919 563 2995 προσεῖχε
575 2917 759 2998 γυμνασίοισι
773 2916 808 2978 ὦς
822 2913 972 2993 αἷναιρησό·

166 3028 249 3079 μενος
275 3003 425 3084 γυμνικοιίς
451 3003 569 3084 οἰγῶνας·
608 3003 716 3065 οἰσκέων
742 3004 772 3063 δὲ
798 3003 969 3064 πεντάεθλον

167 3090 244 3167 παρά
260 3091 289 3150 ἓν
303 3090 456 3169 πάλαισμα
474 3091 574 3170 ἔδραμε
587 3097 665 3153 νικᾶν
679 3090 867 3168 Ὀλυμπιάδα,
883 3090 971 3168 Ἱερωε

167 3176 244 3258 νόμῳ
264 3183 303 3258 τῷ
322 3179 438 3258 Ἀνδρίῳ
460 3178 551 3240 ἐλθοίν
572 3183 600 3242 ἐς
621 3180 686 3256 ἔριν·
706 3177 921 3255 Λακεδαιμόνιοι
941 3178 974 3237 δὲ

154 3265 304 3344 ’μαθόντες
321 3265 372 3326 οὐκ
391 3271 419 3330 ἐς
438 3265 587 3347 γυμνικοιίς
603 3265 669 3325 ἀλλ’
685 3268 714 3327 ἐς
731 3263 843 3340 οἷρηίους
863 3263 973 3343 ἀγῶνας
