2204 3430
180 145 290 210 εο-ω]
520 147 632 196 nmo.
947 144 978 198 τι

178 225 323 302 βασιλέας
341 226 425 306 μέχρι
445 229 497 304 μὲν
510 226 637 304 Περσέος
652 228 702 286 τοῦ
716 223 836 302 Δανάης,
850 229 900 284 τοῦ
915 226 980 287 θεοῦ

178 311 323 384 άπεόντος,
338 314 576 394 καταλεγομένους
589 312 678 391 ὀρθῶς
693 313 748 373 ύπὸ
768 312 913 388 Ἑλλήνων
934 313 980 372 καὶ

179 397 426 478 ἀποδεικνυμένους
448 401 483 465 ὥς
505 401 720 478 εἷσιἚλληνες·
742 399 807 482 (ἤδη
830 399 885 482 γάρ
907 427 980 478 τηνι-

180 491 268 547 καῦτα
289 493 316 552 ἐς
329 487 474 564 Ἕλληνας
495 487 572 549 οὗτοι
591 491 722 571 ἐτέλεον)
744 489 825 558 ἔλεξα
847 489 876 548 δέ
896 491 980 570 μέχρι

179 576 315 652 Περσέος,
325 574 391 636 ἀλλ’
400 576 448 636 ούκ
463 576 595 638 άνέκαθεν
609 577 648 637 ἔτι
661 579 776 653 ἐλαβον,
789 577 870 636 τοῦδε
882 577 978 648 εἵνεκα,
1030 653 1033 658 ,

180 659 224 722 ὅτι
247 661 297 722 οὐκ
321 665 418 724 ἔπεστι
440 665 579 742 ἐπωνυμίη
604 665 713 743 Περσέῖ
735 664 850 742 οὐδεμία
872 666 978 743 πατρός

180 750 291 826 θνητοῦ,
307 751 401 829 ὥσπερ
414 752 551 831 ἩρακλέιΙ
563 751 752 831 Ἀμφιτρύων·
773 752 827 830 ἤδη
850 753 886 813 ὧν
908 753 980 833 ὀρθῷ

180 837 257 919 λόγῳ
278 841 423 920 χρεωμένῳ
443 842 527 920 μέχρι
547 845 598 900 τοῦ
617 841 745 918 Περσέος
766 840 854 917 ὀρθῶς
875 843 983 918 εἴρηταί

179 952 239 1002 μοι.
263 925 320 986 άπδ
334 928 364 986 δέ
377 927 489 1004 Δανάης
501 932 551 1003 τῆς
563 927 708 1005 Ἀκρισίου
722 928 904 1008 καταλέγοντι
916 928 981 992 τούς

180 1012 236 1073 ἅνω
250 1016 303 1074 αἰεὶ
315 1017 437 1093 πατέρας
450 1014 547 1084 αὐτῶν,
561 1015 709 1090 φαινοίατο
724 1013 758 1073 ἂν
772 1012 862 1077 ἐόντες
880 1018 906 1073 οἱ
926 1020 980 1075 τῶν

182 1105 308 1180 Δωριέων
320 1103 455 1184 ἡγεμόνες
468 1101 616 1184 Αἰγύπτιοι
631 1102 777 1183 ἰθαγενέες.
818 1106 912 1161 Ταῦτα
927 1103 979 1178 μέν
988 1107 1026 1162 54
1049 1159 1051 1163 ⁴

180 1216 229 1250 νυν
251 1190 321 1250 κατά
341 1191 523 1268 τοὶἚλληνες
544 1191 663 1271 λέγουσι
680 1188 923 1272 γεγενεηλόγηται·
945 1189 980 1253 ὦς

180 1278 211 1336 δὲ
227 1278 244 1340 ὅ
257 1279 390 1357 Περσέων
410 1279 496 1361 λόγος
516 1280 638 1360 λέγεται,
653 1277 735 1341 αύτὸς
751 1278 767 1338 ό
781 1278 909 1355 Περσεύς
929 1279 980 1340 ἐιδν

179 1365 333 1445 Ἀσσύριος
348 1369 454 1450 ἐγένετο
464 1366 583 1444 Ἕλλην,
594 1366 659 1426 ἀλλ’
671 1366 720 1426 ούκ
734 1369 760 1426 οἱ
771 1367 900 1444 Περσέος
913 1367 979 1445 πρό-

179 1471 267 1534 γονοι·
289 1455 353 1520 τούς
374 1457 403 1515 δὲ
421 1454 565 1532 Ἀκρισίου
580 1482 614 1536 γε
634 1456 755 1533 πατέρας
773 1453 979 1538 ὁμολογέοντας

180 1540 240 1603 κατ’
250 1543 409 1620 οἶκηῖότητα
420 1543 527 1622 Περσέϊ
540 1543 625 1614 οὐδὲν,
636 1543 749 1606 τούτους
763 1544 792 1602 δὲ
806 1543 882 1614 εἶναι,
898 1543 977 1603 κατά-

179 1655 232 1707 περ
241 1629 381 1708 ’Έλληνες
394 1634 519 1713 λέγουσι,
535 1632 713 1713 Αἰγυπτίους.
755 1632 813 1691 Καὶ
826 1637 912 1691 ταῦτα
925 1633 977 1709 μέν
987 1636 1025 1691 55

179 1743 228 1778 νυν
247 1719 311 1796 περὶ
330 1719 434 1780 τούτων
451 1719 582 1797 εἰρήσθω·
604 1719 619 1778 ὅ
632 1745 659 1778 τι
673 1719 702 1778 δέ
716 1719 805 1782 ἐόντες
819 1719 974 1800 Αἰγύπτιοι,

180 1805 226 1864 καὶ
244 1805 305 1868 ὅτι
323 1805 526 1884 ἀποδεξάμενοι
547 1809 655 1882 ἔλαβον
674 1807 723 1870 τάς
742 1807 869 1882 Δωριέων
892 1807 980 1882 βασι-Ἰ

178 1893 269 1968 ληίας,
295 1894 412 1953 ἄλλοισι
434 1893 489 1973 γάρ
513 1893 577 1969 περὶ
604 1891 692 1950 αὐτῶν
721 1893 832 1967 εἴρηται,
858 1892 979 1969 ἐάσομεν

178 1979 258 2052 affra,
277 1983 314 2041 τά
333 1981 362 2038 δὲ
380 1979 466 2038 ἄλλοι
482 1977 515 2037 ού
536 1977 728 2059 κατελάβοντο
745 1977 849 2037 τούτων
868 1978 979 2055 μνήμην

178 2069 343 2145 ποιήσομαι.
581 2070 582 2074 ’

220 2158 307 2233 Γέρεα
321 2156 350 2214 δέ
363 2153 398 2230 δή
411 2153 476 2214 τάδε
489 2155 565 2212 τοῖσι
578 2152 735 2228 βασιλεῦσι
749 2154 922 2228 Σπαρτιῆται
935 2152 975 2212 δε·
987 2155 1025 2214 56

179 2243 295 2306 δύκασι·
320 2241 455 2322 ἱρωσύνας
472 2239 533 2313 δύο,
556 2239 624 2304 Διός
646 2266 677 2300 τε
700 2239 907 2317 Λακεδαίμονος
931 2242 977 2301 καὶ

179 2333 247 2397 Διός
262 2332 409 2411 Ούρανίου·
432 2331 478 2390 καὶ
498 2327 625 2405 πόλεμόν
642 2355 675 2409 γε
694 2329 820 2405 ἐκφέρειν
839 2327 881 2388 ἐπ’
894 2327 930 2405 ἥν
945 2328 979 2391 ἂν

156 2457 166 2477 ·
178 2421 338 2496 βούλωνται
357 2419 461 2501 χώρην·
480 2416 580 2480 τούτου
594 2416 622 2476 δὲ
635 2417 741 2494 μηδένα
757 2415 826 2476 εἶναι
840 2418 978 2496 Σπαρτιη-

178 2509 246 2568 τέων
259 2506 447 2584 διακωλυτήν·
470 2511 493 2566 εῑ
514 2506 544 2565 δὲ
565 2504 613 2582 μή,
631 2504 715 2565 αὐτόν
738 2509 766 2565 ἐν
784 2510 822 2583 τῷ
840 2503 903 2586 άγεῖ
923 2507 977 2566 ἐνέ-

180 2597 290 2672 χεσθαι·
305 2596 530 2675 στρατευομένων
544 2595 581 2665 δέ,
595 2593 720 2671 πρύτους
735 2593 802 2653 ἰέναι
815 2593 879 2656 τούς
892 2595 978 2670 βασι-

180 2681 247 2744 λέας
258 2681 437 2748 ύστάτουςδέ
451 2683 570 2743 άπιέναι·
585 2683 682 2743 ἐκατδν
697 2683 726 2740 δέ
740 2681 840 2758 ἄνδρας
854 2681 976 2763 λογάδας

181 2769 226 2826 ἐπὶ
240 2775 372 2846 στρατιῆς
385 2771 547 2847 φυλάσσειν
560 2769 667 2834 αύτούς·
681 2769 854 2848 προβάτοισι
869 2770 898 2827 δὲ
910 2773 977 2847 χρά-

179 2857 248 2916 σθαι
263 2861 291 2916 ἐν
304 2861 371 2936 τῇσι
385 2859 508 2937 ἐξοδίῃσι
521 2857 652 2919 ὁκόσοισι
668 2855 703 2918 ἂν
719 2856 756 2916 ὧν
774 2858 902 2916 ἐθέλωσι·
924 2859 979 2914 τῶν

178 2941 208 3004 δέ
231 2945 370 3022 θυομένων
386 2944 513 3006 ἁπάντων
531 2945 567 3006 τά
587 2944 710 3022 δέρματά
730 2969 761 3004 τε
784 2943 828 3001 καὶ
849 2941 885 3001 τοὶ
906 2945 979 3000 νῶτοί
1024 3019 1026 3024 Ι

177 3033 337 3112 λαμβάνειν
351 3033 453 3108 σφέας.
483 3037 634 3110 ταῦταμὲν
647 3032 684 3093 τά
697 3030 867 3109 ἐμπολέμια.
893 3024 936 3081 Τοῖ
950 3022 1025 3082 δέῧῖ

177 3122 262 3196 ἄλλα,
272 3121 308 3184 τά
323 3123 455 3200 εἰρηναῖα,
468 3121 537 3180 κατά
549 3120 614 3180 τάδε
628 3127 684 3196 σφι
699 3119 816 3177 δέδοται·
830 3110 865 3184 ἢν
879 3107 979 3181 θυσίην

176 3239 217 3277 τις
230 3211 373 3290 δημοτελῆ
387 3206 522 3284 ποιέηται,
536 3208 661 3286 πρώτους
677 3205 722 3264 ἐπὶ
734 3202 768 3262 τό
782 3201 893 3258 δεῖπνον
915 3193 980 3261 ἵζειν

176 3299 240 3365 τούς
260 3299 413 3378 βασιλέας·
435 3295 482 3356 καὶ
502 3293 558 3354 ἅπό
581 3293 685 3354 τούτων
708 3291 818 3362 πρῶτον
841 3279 979 3355 ἄρχεσθαι
