2294 3430
191 105 265 169 1—5]
497 105 682 155 Ποιυυυτι.
946 109 991 156 119

189 183 233 243 ὅτι
246 183 414 262 νομιζόμενα
427 185 469 261 εἴη
482 183 552 260 πρός
561 183 672 245 πάντων
685 181 836 262 οἷνθρόπων
844 183 894 246 τόν
902 209 992 264 πρεσ-

188 271 314 346 βύτατον
330 273 381 350 την
397 272 488 351 άρχὴν
508 273 590 351 ἔχειν·
610 272 717 351 Ξέρξης
736 271 774 343 δὲ,
796 270 832 336 ὥς
846 271 991 352 Ἀτόσσης

188 384 219 417 τε
232 364 298 423 παῖς
313 361 354 438 εἴη
367 366 417 437 τῆς
431 361 526 437 Κύρου
543 361 680 443 θυγατρός
694 361 740 434 καὶ
753 359 797 421 δτι
810 365 904 437 Κύρος
918 361 989 438 εἶηό

189 447 364 526 κτησάμενος
376 453 453 510 τοῖσι
467 449 601 528 Πέρσῃσι
610 448 661 525 τὴν
671 448 839 526 ἐλευθερίην.
869 451 989 528 Δαρείου
1004 453 1022 510 3

188 533 218 592 δέ
239 535 289 596 ούκ
310 536 544 614 ἀποδεικνυμένου
566 562 604 595 κω
623 536 744 617 γνώμην,
765 535 899 618 ἐτύγχανε
919 537 989 598 κατά

187 622 275 684 τώυτό
288 626 414 686 τούτοισι
428 627 474 684 καὶ
488 624 656 702 Δημάρητος
668 623 686 684 ό
702 623 871 702 Ἀρίστωνος
888 625 989 702 οἷναβε-

187 713 284 786 βηκάς
311 719 338 777 ἐς
365 716 471 783 Σοῦσα,
494 712 676 789 ἐστερημένος
697 737 729 772 τε
749 717 799 789 τῆς
822 717 852 772 ἐν
873 713 989 792 Σπάρτη

188 800 344 876 βασιληίης
361 803 407 860 καὶ
426 800 521 882 φυγὴν
539 799 684 875 ἐπιβαλῶν
701 804 789 879 ἑωυτῷ
809 806 839 860 ἐκ
857 801 990 861 Λακεδαί-

188 912 283 962 μονος·
310 885 388 951 οὗτος
410 883 482 964 δνὴρ
502 885 658 962 πυθόμενος
678 891 733 946 τῶν
749 887 868 963 Δαρείου
885 889 990 948 παίδων

188 973 241 1048 την
262 974 408 1051 διαφορήν,
433 974 530 1042 ἐλθόν,
555 973 590 1035 οἷς
610 972 629 1048 ἦ
651 972 734 1049 φάτις
751 998 800 1056 μιν
815 974 881 1052 ἔχει,
899 976 989 1058 Ξερξη

190 1061 378 1136 συνεβούλευε
391 1063 485 1142 λέγειν
497 1060 567 1138 πρός
579 1063 655 1120 τοῖσι
668 1061 747 1142 ἔλεγε
760 1061 848 1131 ἔπεσι,
860 1060 895 1124 οἷς
908 1059 990 1126 αύτδς

189 1150 241 1223 μὲν
259 1151 368 1229 γένοιτο
388 1149 496 1228 Δαρείῳ
512 1147 565 1223 ἤδη
583 1147 766 1223 βασιλεύοντι
785 1149 831 1206 καὶ
847 1148 939 1228 ἔχοντι
955 1147 988 1210 τδ

190 1237 324 1312 Περσέων
339 1237 447 1314 κράτος·
467 1235 679 1313 Ἀρτοβαζάνης
696 1235 726 1294 δέ
744 1238 784 1297 ἔτι
805 1235 898 1314 ἰδιιύτῃ
917 1236 989 1298 ἐόντι

190 1323 308 1402 Δαρείῳ·
338 1324 424 1384 ούκων
447 1324 504 1384 οὔτ’
526 1323 601 1387 οἶκός
622 1324 664 1399 εἴη
684 1321 747 1384 οὔτε
770 1323 875 1384 δίκαιον
898 1323 989 1386 ἄλλον

188 1411 250 1470 τινά
273 1411 307 1472 τό
328 1412 411 1494 γέρας
434 1414 507 1492 ἔχειν
528 1413 583 1490 πρδ
612 1414 723 1472 ἑωυτοῦ·
752 1413 815 1472 ἐπεί
833 1438 866 1495 γε
889 1413 936 1472 καὶ
959 1417 989 1473 ἐν

189 1498 312 1577 Σπάρτη,
336 1502 390 1576 ἔφη
411 1501 427 1561 ὁ
448 1501 616 1578 Δημάρητος
636 1499 840 1577 ὑποτιθέμενος,
858 1499 928 1561 ούτω
944 1527 987 1562 νο-

187 1586 326 1661 μίζεσθαι,
345 1586 380 1664 ἢν
399 1592 490 1667 οἱμὲν
511 1587 712 1670 προγεγονότες
730 1589 796 1648 ἔωσι
814 1588 881 1666 πρὶν
900 1588 918 1664 ἢ
938 1589 988 1650 τόν

188 1675 294 1751 πατέρα
308 1677 404 1752 σφέων
416 1679 602 1755 βασιλεῦσαι·
623 1675 639 1736 ό
653 1677 682 1735 δέ
694 1675 880 1752 βασιλεύοντι
892 1676 988 1758 ὀψίγο-

188 1785 234 1824 νος
258 1763 424 1844 ἐπιγένηται,
448 1769 499 1824 τοῦ
521 1766 714 1845 ἐπιγενομένου
734 1765 787 1841 τὴν
810 1765 913 1834 ἔκδεξιν
938 1770 988 1838 τῆς

187 1849 343 1926 βασιληίης
356 1853 495 1931 γίνεσθαι.
524 1853 703 1930 χρησαμένου
717 1852 747 1910 δέ
759 1852 868 1928 Ξέρξεω
881 1855 917 1930 τῇ
931 1858 988 1928 Δη*

188 1937 312 2011 μαρήτου
330 1937 467 2014 ύποθήκῃ,
480 1939 563 2017 γνούς
579 1937 595 1995 ό
614 1942 732 2012 Δαρεῖος
745 1937 780 2000 ιύς
793 1939 874 2017 λέγοι
886 1939 986 2010 δίκαια,

188 2023 315 2096 βασιλέα
328 2050 377 2100 μιν
389 2024 510 2092 ἀπέδεξε.
547 2024 634 2082 δοκέει
647 2025 678 2082 δέ
689 2049 739 2099 μοι
752 2025 798 2082 καὶ
811 2023 876 2084 άνευ
888 2024 989 2102 ταύτης
1036 2073 1040 2084 ,

187 2113 238 2184 τῆς
250 2109 392 2187 ύποθήκης
401 2113 577 2187 βασιλεῦσαι
589 2109 623 2170 ἂν
635 2110 749 2188 Ξέρξης·
763 2110 782 2187 ἦ
794 2110 850 2192 γάρ
855 2110 988 2172 Ἄτοσσα

189 2197 247 2277 εἶχε
258 2198 292 2258 τό
302 2203 359 2259 πᾶν
372 2200 480 2277 κράτος.

227 2286 380 2358 Ἀποδέξας
398 2287 428 2346 δὲ
445 2287 572 2363 βασιλέα
590 2289 723 2366 Πέρσῃσι
742 2291 860 2367 Δαρεῖος
876 2291 1021 2368 ΞέρξεαΔ

186 2374 293 2451 ὅρμητο
310 2376 524 2454 στρατεύεσθαι·
546 2375 623 2434 ἀλλά
641 2375 696 2457 γάρ
712 2376 783 2454 μετά
796 2377 884 2436 ταῦτά
897 2404 927 2437 τε
941 2380 987 2438 καὶ

187 2463 330 2542 Αἰγύπτου
345 2464 507 2524 άπόστασιν
525 2466 564 2542 τῷ
584 2463 690 2543 ύστέριρ
704 2465 758 2524 ἔτεϊ
776 2465 984 2542 παρασκευαζό-

186 2573 269 2623 μενον
291 2552 433 2628 συνήνεικε
457 2551 540 2612 αύτδν
565 2555 684 2630 Δαρεῖον
710 2553 924 2629 βασιλεύσαντα
950 2554 986 2614 τά

186 2636 276 2696 πάντα
295 2641 357 2699 ἐτεα
376 2641 406 2710 ἐξ
422 2666 453 2700 τε
472 2641 517 2699 καὶ
530 2640 686 2718 τριήκοντα,
703 2640 860 2711 ἀποθανεῖν,
878 2641 942 2700 ούδέ
959 2645 985 2701 οἱ

187 2723 325 2804 ε’ξεγένετο
351 2728 414 2789 ούτε
440 2730 504 2793 τούς
528 2728 705 2791 α’πεστεῶτας
729 2730 895 2810 Αἰγυπτίους
923 2729 985 2789 ούτε

186 2808 350 2886 Ἀθηναίους
366 2818 592 2894 τιμωρήσασθαι·
613 2817 800 2879 ἀποθανόντος
814 2817 843 2876 δέ
856 2818 985 2894 Δαρείου,

186 2898 205 2974 ἤ
231 2902 371 2977 βασιληίη
399 2902 559 2983 άνεχιόρησε
580 2909 607 2967 ἐς
627 2903 678 2964 τάν
700 2904 786 2963 παῖδα
808 2903 859 2964 τόν
883 2904 986 2963 ἐκείνου

185 2988 299 3063 Ξέρξεα.

225 3075 258 3134 ‘O
280 3077 372 3136 τοίνυν
391 3078 496 3153 Ξέρξης
513 3079 558 3136 ἐπὶ
576 3081 628 3154 μὲν
644 3078 696 3154 τὴν
714 3079 840 3137 Ἑλλάδα
861 3076 1019 3153 ούδαμῶςὸ
1057 3134 1059 3139 .

184 3163 327 3242 πρόθυμος
341 3163 376 3240 ἦν
390 3164 447 3224 κατ’
463 3165 550 3243 ἀρχάς
564 3167 774 3242 στρατεύεσθαι,
786 3167 831 3223 ἐπὶ
842 3166 871 3222 δὲ
881 3165 985 3242 Αἴγυπ-

124 3259 127 3264 ’
185 3273 231 3310 τον
248 3252 372 3313 ἐποιέετο
391 3259 525 3330 στρατιῆς
540 3253 666 3331 ἄγερσιν·
680 3252 789 3328 παρειὰν
802 3253 832 3311 δὲ
846 3253 891 3310 καὶ
907 3251 984 3312 δυνό-
