2204 3430
183 110 292 176 75-78]
525 112 639 162 nmo.
921 139 924 144 ·
950 109 982 158 89

224 189 380 268 Κλεομένεϊ
398 191 454 272 γοὶρ
473 192 665 271 μαντευομένῳ
688 194 717 250 ἐν
740 191 885 265 Δελφοῖσι
902 187 1029 267 ἐχρή-’ίδ

183 276 356 358 σθηἊργος
374 277 510 355 αἱρήσειν.
551 279 614 338 ἐπεί
628 305 659 339 τε
675 277 705 337 δέ
719 275 896 354 Σπαρτιήτας
909 275 983 357 ἄγων

183 362 297 426 ἀπίκετο
312 366 357 425 ἐπὶ
376 365 503 442 ποταμόν
515 365 672 443 Ἐρασῖνον,
688 365 719 430 ὃς
734 367 846 446 λέγεται
862 366 934 442 ῥέειν
951 367 982 423 ἐκ

182 456 232 529 τῆς
241 454 426 530 Στυμφηλίης
434 455 544 530 λίμνης·
560 453 622 533 (τήν
629 453 683 536 γοὶρ
692 453 726 530 δή
735 454 837 529 λίμνην
844 452 947 529 ταύτην
955 457 982 515 ἐς

182 540 283 618 χάσμα
300 539 406 617 ἀφανὲς
428 541 591 602 ἐκδιδοῦσαν
606 541 811 618 ἀναφαίνεσθαι
830 545 858 600 ἐν
873 538 981 622 Ἄργεϊ,

182 654 215 688 το
243 630 368 689 ἐνθεῦτεν
392 628 422 687 δέ
447 654 480 689 το
472 619 573 706 ὕδωρ
596 628 650 738 ήδη
672 633 755 689 τοῦτο
780 627 827 688 υπ’
849 628 982 711 Ἀργείων
1048 629 1053 640 ’

181 715 331 822 Ἐρασῖνον
342 717 502 777 καλέεσθαι·
496 715 547 795 ·)’
529 717 696 794 απικόμενος
710 715 767 776 δΗ
746 741 783 777 ων
793 743 809 776 ο
801 715 982 794 Κλεομένης

183 797 229 856 ἐπὶ
248 796 298 857 τόν
318 796 446 874 ποταμόν
461 801 561 858 τοῦτον
579 796 816 878 ἐσφαγιάζετο’
782 800 862 876 αυτῷ,
884 797 930 856 καὶ
950 797 982 858 ου’

181 883 237 964 γὰρ
251 883 376 962 ουδαμῶς
389 885 547 961 ἐκαλλιέρεε
560 885 714 961 διαβαίνειν
726 910 783 960 μιν,
796 883 964 964 ἄγασθαι
930 911 982 962 μεν

182 972 238 1048 ἐφη
257 976 308 1032 τοῦ
327 971 479 1050 Ἐρασίνου
499 999 532 1032 ου
524 971 731 1049 ’προδιδόντος
750 997 814 1034 τους
836 970 982 1047 πολιήτας,

182 1053 324 1140 Αργείους
343 1061 439 1137 μέντοι
460 1059 554 1120 οὐδ’
534 1085 570 1124 ως
584 1058 741 1139 χαιρήσειν·
761 1084 833 1136 μετα
824 1057 879 1118 δὲ
894 1063 982 1120 ταῦτα

183 1146 404 1226 ἐξαναχωρήσας,
424 1173 477 1222 την
497 1147 633 1225 στρατιήν
653 1145 794 1255 κατήγαγε
816 1151 843 1210 ἐς
865 1149 981 1223 Θυρέην·

182 1235 417 1316 σφαγιασάμενος
443 1235 473 1295 δὲ
498 1240 535 1315 τῇ
562 1234 699 1314 θαλάσσῃ
720 1239 830 1312 ταῦρον,
851 1235 982 1295 πλοίοισί
1013 1301 1023 1318 0

182 1328 276 1399 σφεας
289 1322 378 1405 ἤγαγε
401 1325 427 1387 ἐς
441 1348 473 1384 τε
493 1323 546 1399 τήν
565 1323 712 1401 Τιρυνθίην
730 1321 824 1402 χοίρην
840 1323 886 1382 καὶ
906 1329 981 1384 Ναυ·

182 1411 280 1487 πλίην.
325 1411 448 1493 Ἀργεῖοι
469 1410 493 1471 δ’
507 1410 644 1488 ἐβοήθεον
665 1411 868 1497 ιπυγθανόμενοι
893 1415 1028 1474 ταῦταίί

183 1498 227 1556 ἐπὶ
241 1497 402 1560 θάλασσαν·
432 1498 468 1562 ὥς
481 1499 510 1558 δέ
522 1497 614 1580 ἀγχοῦ
625 1501 682 1577 μέν
690 1501 813 1581 ἐγίνοντο
825 1504 875 1578 τῆς
884 1502 981 1578 ΔΤίρυν-

183 1585 231 1648 θος
250 1586 331 1666 χόριρ
358 1587 388 1646 δὲ
411 1591 440 1646 ἐν
459 1586 548 1666 τούτῳ
567 1591 606 1667 τῷ
626 1589 716 1648 κέεται
736 1586 845 1666 Σήπεια
868 1588 981 1668 οὔνομα,

181 1674 348 1752 μεταίχμιον
362 1673 394 1734 οιί
407 1674 481 1756 μέγα
494 1673 679 1740 ἀπολιπόντες
693 1677 782 1748 ἵζοντο
800 1677 889 1738 ἀντίοι
905 1681 982 1737 τοῖσι

182 1761 438 1838 Λακεδαιμονίοισι.
451 1790 454 1795 ·
467 1763 586 1823 ἐνθαῦτα
599 1762 634 1840 δή
648 1765 675 1824 οἱ
687 1764 810 1846 Ἀργεῖοι
822 1767 874 1840 τήν
886 1768 938 1841 μέν
952 1770 982 1825 ἐκ

182 1851 232 1908 τοῦ
250 1853 373 1927 φανεροῦ
390 1848 485 1928 μάχην
504 1849 554 1918 οὐκ
573 1853 737 1927 ἐφοβέοντο,
756 1851 834 1911 α’λλιί
848 1851 889 1928 μή
908 1852 981 1933 δόλῳ

182 1937 337 2019 αἱρεθέωσι·
359 1938 405 1996 καὶ
418 1936 474 2018 γὰρ
487 1937 523 2012 δή
535 1944 591 2014 σφι
610 1943 637 2001 ἐς
650 1941 733 1998 τοῦτο
745 1937 779 1998 τό
792 1942 910 2018 πρῆγμα
924 1940 981 2019 εἶχε

180 2023 215 2082 τό
229 2024 402 2103 χρηστήριον
413 2024 447 2086 τό
461 2026 586 2086 ἐπίκοινα
598 2026 702 2103 ἔχρησε
718 2023 737 2101 ή
751 2026 844 2102 Πυθίη
857 2024 985 2088 τούτοισί

182 2135 212 2168 τε
226 2112 272 2170 καὶ
285 2113 466 2189 Μιλησίοισι,
479 2114 565 2195 λέγον
578 2111 639 2172 ὧδε·

276 2222 344 2273 Ἀλλ’
362 2225 421 2274 ὅταν
436 2227 452 2284 ή
470 2225 556 2285 θήλεια
572 2225 615 2273 τὸν
631 2222 720 2287 ἄρσενα
737 2224 857 2284 νικήσασα

280 2296 392 2357 ἐξελάσῃ,
411 2298 452 2345 καί
468 2299 535 2347 κῦδος
552 2298 577 2346 έν
594 2296 739 2359 Ἀργείοισιν
754 2296 849 2360 ἄρηται,

278 2369 374 2418 πολλὰς
389 2367 504 2429 Ἀργείων
521 2369 686 2430 ἀμφιδρυφέας
701 2367 758 2416 τότε
775 2370 851 2428 θήσει·

279 2438 311 2488 ιίς
328 2440 390 2488 ποτέ
405 2457 442 2488 τις
459 2441 518 2501 ἐρέει
535 2441 576 2488 καί
592 2439 759 2498 ἐπεσσομένων
776 2439 912 2502 ἀνθρώπων,

278 2511 350 2560 δεινὸς
367 2511 420 2571 ὄφις
436 2512 568 2572 τριέλικτος
585 2509 698 2560 ἀπώλετο
714 2513 778 2574 δουρί
795 2514 930 2572 δαμασθείς.

181 2611 275 2681 Ταῦτα
289 2620 323 2698 δή
336 2618 428 2681 πόντα
441 2621 615 2682 συνελθόντα
626 2627 704 2682 τοῖσι
716 2622 871 2706 Ἀργείοισι
885 2625 981 2703 φόβον

181 2711 308 2787 παρεῖχε·
350 2709 396 2766 καὶ
416 2707 450 2785 δή
469 2715 526 2785 σφι
540 2708 612 2786 πρός
626 2714 715 2770 ταῦτα
731 2711 807 2781 ἔδοξε
825 2715 864 2791 τῷ
884 2712 982 2790 κήρυκι

181 2796 235 2851 τῶν
250 2796 392 2871 πολεμίων
407 2797 543 2875 χρᾶσθαι·
568 2795 652 2866 δόξαν
669 2798 700 2856 δέ
716 2805 780 2875 σφι,
798 2801 906 2859 ἐποίευν
925 2826 981 2860 τοι·

181 2878 252 2938 όνδε·
284 2879 353 2944 ὅκως
379 2880 395 2941 ό
423 2882 599 2960 Σπαρτιήτης
627 2883 718 2961 κήμυξ
738 2887 927 2962 προσημαίνοι
953 2911 981 2946 τι

181 2967 435 3043 Λακεδαιμονίοισι,
447 2972 555 3030 ἐποίευν
564 2972 610 3030 καὶ
621 2973 648 3030 οἱ
657 2970 780 3051 Ἀργεῖοι
789 2971 877 3030 τώυτό
887 2975 980 3032 τοῦτο.

85 3051 87 3058 ’
182 3054 290 3114 Μαθολν
310 3053 340 3112 δὲ
361 3053 377 3112 ὁ
399 3056 562 3132 Κλεομένης
585 3060 730 3120 ποιεῦντας
752 3056 816 3116 τούς
839 3055 981 3133 Ἀργείους
990 3059 1028 3116 78

181 3140 276 3203 ὁκοῖόν
292 3167 321 3201 τι
337 3139 353 3200 ό
370 3141 507 3218 σφέτερος
525 3142 612 3220 κήρυξ
626 3141 768 3220 σημήνειε,
788 3139 980 3218 παραγγέλλει

182 3235 239 3306 σφι
259 3229 327 3290 ὅταν
347 3226 461 3306 σημήνῃ
482 3227 498 3288 ό
518 3228 605 3305 κήρυξ
621 3228 767 3288 ποιέεσθαι
779 3223 904 3302 ιῖριστον,
917 3225 959 3285 τό
