2204 3430
144 129 254 195 16-21]
493 129 605 178 ωτκυο.
913 131 944 178 65

143 212 176 270 δὲ
193 207 370 290 παρενθήκην
388 208 492 288 ἔχρησε
513 213 540 273 ἐς
557 207 727 284 Μιλησίους.
767 206 801 268 τδ
822 207 874 286 μέν
894 233 944 270 νυν

144 301 173 362 ἐς
193 296 260 360 τούς
273 296 417 378 ἷΑργείους
436 297 509 375 ἔχον,
526 295 609 356 ἐπεάν
630 294 700 356 κατά
719 298 803 356 τοῦτο
823 297 944 377 γένωμαι

145 390 196 446 τοῦ
213 384 302 466 λόγου
314 384 378 446 τάτε
390 383 603 463 μνησθήσομαι·
624 384 660 444 τά
679 384 709 444 δὲ
728 388 805 446 τοῖσι
818 385 943 462 Μιλησί-

143 471 258 535 οισιοῦ
278 477 416 550 παρεοῦσι
437 472 541 552 ἔχρησε
562 473 619 552 ἔχει
639 469 701 533 ιδδε·

258 632 309 682 Καὶ
319 631 376 680 τότε
387 632 423 691 δή,
438 631 542 690 Μίλητε,
556 633 633 680 κακῶν
645 633 779 694 ἐπιμήχανε
790 633 873 694 ἔργων,

259 705 373 752 πολλοῖσι
385 704 478 752 δεΐτνδν
488 721 516 751 τε
528 705 567 752 καί
579 705 663 764 ἀγλαὰ
675 705 738 767 δῶρα
748 706 855 766 γενήσει·

259 777 300 826 σαὶ
312 773 332 823 δ’
343 773 430 835 ἄλοχοι
441 775 555 824 πολλοῖσι
566 775 641 825 πόδας
651 776 746 839 νίψουσι
757 778 880 836 κομήταις·

258 849 316 906 νηοῦ
326 846 347 896 δ’
355 847 470 909 ἡμετέρου
481 849 590 906 Διδύμας
602 847 699 896 ἄλλοισι
710 849 817 906 μελήσει.

143 985 209 1047 τότε
233 985 266 1062 δή
289 990 377 1047 ταῦτα
396 987 462 1050 τούς
483 987 645 1062 Μιλησίους
669 986 874 1062 κατελάμβανε,
897 987 943 1047 ὅτε

142 1099 178 1154 γε
196 1071 291 1150 άνδρες
307 1077 360 1151 μὲν
380 1077 407 1134 οἱ
427 1077 544 1136 πλεῦνες
560 1073 711 1134 ἐκτείνοντο
728 1072 783 1133 ῦπδ
802 1077 857 1133 τῶν
871 1079 943 1151 Περ-

142 1160 218 1221 σέων
231 1160 330 1222 ἐόντων
343 1162 492 1238 κομητέων,
505 1163 632 1242 γυναῖκες
647 1161 677 1220 δὲ
694 1161 740 1221 καὶ
755 1160 838 1220 τέκνα
853 1164 882 1220 ἐν
898 1160 943 1220 α’ν-

144 1247 289 1326 δραπάδων
306 1248 383 1331 λόγῳ
404 1249 537 1330 ἐγίνοντο·
559 1247 619 1326 ἶρδν
639 1250 669 1310 δὲ
688 1249 721 1310 τά
738 1253 767 1309 ἐν
783 1247 942 1325 Διδύμοισι,

144 1335 161 1396 ὁ
185 1336 249 1412 νηός
271 1363 302 1397 τε
326 1338 372 1396 καὶ
393 1335 428 1397 τδ
450 1337 630 1416 χρηστήριον,
652 1338 812 1415 συληθέντα
835 1337 942 1414 ἐνεπίμ-

144 1450 245 1502 πρατο.
284 1429 340 1486 τῶν
352 1425 375 1484 δ’
389 1429 419 1486 ἐν
431 1428 469 1504 τῷ
483 1428 531 1504 ἱρῷ
542 1426 630 1506 τούτῳ
643 1427 792 1506 χρημάτων
804 1426 943 1490 πολλάκις

144 1511 257 1590 μνήμην
270 1514 380 1591 ἑτέρωθι
397 1517 448 1574 τοῦ
467 1513 555 1595 λόγου
574 1515 758 1593 ἐποιησάμην.
799 1514 942 1576 Ἐνθεῦτεν
950 1517 989 1574 20

146 1603 173 1660 οἱ
196 1601 380 1682 ζωγρηθέντες
405 1605 459 1662 τῶν
483 1603 634 1680 Μιλησίων
653 1602 756 1684 ἤγοντο
783 1609 810 1668 ἐς
834 1604 941 1668 Σοῦσα.

144 1689 284 1764 βασιλεύς
297 1689 329 1749 δέ
340 1696 431 1767 σφεας
445 1692 563 1768 Δαρεῖος
577 1692 662 1752 κακδν
675 1691 754 1752 οὐδὲν
774 1691 847 1752 ἄλλο
863 1689 942 1766 ποιή-

145 1801 200 1839 σας
217 1777 358 1838 κατοίκισε
378 1778 424 1838 ἐπὶ
443 1777 614 1858 τῇἘρυθρῇ
628 1781 783 1858 καλεομένη
797 1777 941 1857 θαλάσσῃ,

145 1868 175 1923 ἐν
181 1862 282 1943 ’Ἄμπῃ
302 1864 379 1937 πάλι,
394 1865 459 1943 παρ’
471 1866 507 1942 ήν
520 1868 622 1946 Τίγρης
635 1867 761 1944 ποταμὸς
780 1867 942 1942 παραρρέων

144 1955 173 2015 ἐς
191 1951 342 2013 θάλασσαν
359 1954 433 2023 ἐξίει.
474 1957 524 2029 τῆς
542 1953 571 2012 δὲ
587 1953 732 2029 Μιλησίης
752 1952 844 2032 χώρης
856 1951 941 2012 αὐτοὶ

142 2041 196 2115 μὲν
214 2042 241 2100 οἱ
254 2041 365 2117 Πέρσαι
386 2042 462 2120 εἶχον
481 2040 518 2101 τά
538 2040 602 2118 περὶ
622 2040 674 2116 τήν
690 2041 775 2100 πόλιν
790 2040 835 2098 καὶ
847 2038 880 2098 τδ
893 2064 941 2098 πε-

143 2126 211 2198 δίον,
234 2127 270 2187 τά
294 2128 324 2188 δὲ
350 2127 504 2206 δτεριίκροα
530 2127 631 2188 ἔδοσαν
654 2127 751 2206 Καρσὶ
774 2127 942 2203 Πηδασεῦσι

143 2215 285 2290 ἐκτῆσθαι

184 2304 317 2364 Παθοῦσι
329 2303 358 2363 δὲ
370 2307 458 2364 ταῦτα
470 2305 643 2382 Μιλησίοισι
660 2303 732 2383 πρδς
744 2305 878 2383 Περσέων
891 2303 940 2365 οὐκ
949 2308 985 2366 21

141 2388 285 2451 άπέδοσαν
307 2391 360 2466 τήν
383 2390 482 2468 ὁμοίην
507 2393 672 2470 Συβαρῖται,
696 2394 723 2453 οἳ
746 2393 824 2454 Λάαν
842 2419 874 2453 τε
894 2393 940 2452 καὶ

141 2477 260 2554 Σκίδρον
270 2480 360 2540 οἴκεον
371 2483 422 2554 τῆς
434 2480 533 2544 πόλιος
543 2479 773 2558 α’πεστερημένοι.
799 2480 940 2558 Συβάριος

138 2564 196 2647 γάρ
215 2565 341 2644 α’λοήσης
360 2567 415 2628 ὗπδ
437 2569 658 2646 Κροτωνιητέων,
681 2569 823 2646 Μιλήσιοι
840 2548 942 2633 πάντές

138 2653 250 2730 ἤβηδδν
269 2655 450 2733 ἀπεκείραντο
469 2656 519 2720 τάς
540 2658 666 2732 κεφαλάς
684 2659 730 2717 καὶ
746 2659 847 2722 πένθος
865 2659 940 2738 μέγα

137 2742 341 2819 προεθήκαντο·
368 2743 465 2808 πόλιες
486 2745 541 2826 γάρ
567 2743 647 2805 αὗται
670 2746 797 2822 μάλιστα
824 2746 859 2822 δή
885 2749 940 2806 τῶν

137 2828 220 2907 η’μεῖς
240 2832 318 2909 ἴδμεν
337 2830 486 2911 ἀλλήλῃσι
507 2833 699 2909 ἐξεινώθησαν.
742 2834 821 2893 οὐδὲν
838 2833 938 2908 ὁμοίως

137 2917 187 2977 καὶ
201 2915 356 2996 Ἀθηναῖοι.
397 2918 542 2995 Ἀθηναῖοι
557 2922 609 2996 μὲν
625 2922 680 3000 γάρ
697 2922 785 2996 δῆλον
803 2921 939 2991 ἐποίησαν

135 3003 394 3085 ὑπεραχθεσθέντες
413 3010 449 3085 τῇ
469 3006 601 3082 Μιλήτου
621 3007 736 3076 άλῶσει,
756 3011 792 3082 τῇ
811 3028 842 3062 τε
862 3001 937 3076 άλλη

135 3095 283 3172 πολλαχῆ,
297 3093 344 3152 καὶ
357 3092 390 3166 δή
405 3094 451 3152 καὶ
466 3092 618 3169 ποιήσαντι
634 3093 759 3169 Φρυνίχῳ
778 3091 869 3163 δρᾶμα
883 3091 937 3142 Μι-

135 3179 227 3256 λήτου
248 3181 357 3240 ἅλωσιν
376 3179 422 3237 καὶ
438 3180 585 3250 διδάξαντι,
601 3185 628 3242 ἐς
646 3175 750 3252 δάκρυά
763 3197 794 3231 τε
807 3172 889 3228 ἔπεσε
902 3169 939 3230 τδ

135 3268 257 3343 θέητρον
275 3267 321 3326 καὶ
339 3265 495 3340 ἐζημίωσάν
511 3291 568 3341 μιν,
582 3265 618 3326 αἷς
634 3259 833 3336 ἀναμνήσαντα
846 3254 938 3330 οἰκήῖα
