2280 3432
154 87 203 134 τοι
459 85 643 134 ἨΡοΔουοο
879 85 955 150 [vn.
1035 113 1042 123 ι

152 168 285 225 τοσοῦτοι
294 162 502 240 μένἈρκιίδων·
516 162 572 223 ἀπό
583 163 613 222 δὲ
623 163 763 240 Κορίνθου
770 164 956 241 τετρακόσιοι·

154 254 200 312 καὶ
214 251 270 312 ἀπό
285 256 438 314 Φλιοῦντος
455 251 601 327 διηκόσιοι·
623 251 668 309 καὶ
685 254 852 327 Μυκηναίων
871 252 956 334 ὀγδώ-
1011 269 1028 320 “,

153 365 246 400 κοντα.
277 337 354 400 οὗτοι
366 342 418 416 μὲν
431 338 487 400 ὐπδ
502 338 724 414 Πελοποννήσου
736 344 879 417 παρῆσαν·
898 337 956 402 α’πδ

154 428 183 487 δὲ
203 433 341 498 Βοιωτῶν,
362 427 505 487 Θεσπιέων
523 453 555 486 τε
575 426 737 486 ἑπτακόσιοι
757 428 803 486 καὶ
823 430 957 505 Θηβαίων

104 515 359 594 203τετρακόσιοι.
407 515 486 592 Πρός
512 515 638 575 τούτοισι
662 517 805 592 ἐπίκλητοι
829 519 957 596 ε’γένοντο

153 605 261 682 Λοκροί
279 631 310 664 τε
334 607 361 664 οἱ
381 602 541 664 Ὀπούντιοι
561 607 745 682 πανστρατιῇ,
770 603 816 662 καὶ
840 605 956 674 Φωκέων

153 694 252 770 χίλιοι.
273 691 353 752 αὐτοὶ
365 691 420 774 γάρ
439 697 531 768 σφεας
549 693 757 760 ἐπεκαλέσαντο
771 691 955 768 οἱἘλληνες,

152 781 282 861 λέγοντες
296 780 329 840 δι’
342 779 471 861 ἀγγέλων
483 779 519 844 οἷς
534 779 613 838 αὐτοὶ
630 781 682 855 μὲν
695 777 788 854 ἥκοιεν
801 779 957 856 πρόδρομοι

153 871 208 926 τῶν
221 866 324 938 ἄλλων,
339 871 366 927 οἷ
380 869 409 927 δὲ
423 867 519 927 λοιποὶ
531 871 586 927 τῶν
600 865 756 945 συμμάχων
769 866 957 944 προσδόκιμοι

153 959 251 1016 πᾶσαν
261 955 315 1016 εἶεν
324 956 440 1034 ήμέρην·
453 955 472 1031 ἦ
484 955 620 1016 θάλασσά
629 955 661 1013 τέ
671 960 727 1030 σφι
738 954 780 1030 εἴη
791 960 820 1014 έν
831 958 955 1034 φυλακῇ,

152 1041 199 1102 ὐπ’
218 1043 372 1120 Ἀθηναίων
391 1069 422 1104 τε
443 1046 635 1120 φρουρεομένη
656 1043 702 1101 καὶ
722 1043 891 1123 Αἰγινητέων
911 1044 957 1102 καὶ

152 1135 207 1191 τῶν
220 1136 247 1194 ἒς
261 1131 311 1192 τόν
324 1130 452 1192 ναυτικόν
466 1129 588 1208 στρατόν
600 1130 766 1209 ταχθέντων,
782 1131 831 1188 καί
844 1137 900 1206 σφι
914 1132 957 1207 εἴη

153 1219 243 1280 δεινόν
265 1219 353 1280 οὐδέν·
381 1218 413 1279 οὐ
436 1218 491 1300 γὰρ
514 1217 577 1278 θεόν
601 1218 670 1278 εἶναι
697 1217 746 1277 τόν
770 1217 884 1278 ἐπιόντα
911 1218 957 1277 ε’πὶ

152 1306 205 1383 τήν
213 1307 349 1379 Ἑλλάδα,
360 1307 425 1367 ἀλλ’
436 1306 590 1383 ἄνθρωπον·
608 1306 678 1367 εἶναι
691 1306 720 1365 δὲ
735 1305 835 1381 θνητόν
849 1305 955 1378 οὐδένα,

153 1394 216 1454 οὐδὲ
235 1396 359 1466 ἔσεσθαι,
372 1399 411 1474 τῷ
427 1395 512 1454 κακόν
528 1395 559 1464 ἐξ
575 1393 664 1473 ἀρχῆς
676 1394 811 1475 γινομένῳ
825 1393 857 1453 οὐ
877 1419 956 1454 συνε·

152 1483 251 1561 μίχθη·
269 1487 346 1543 τοῖσι
360 1483 389 1543 δὲ
401 1483 564 1562 μεγίστοισι
577 1481 666 1542 αὐτῶν
679 1483 810 1562 μέγιστα·
830 1481 957 1558 ὀφείλειν

154 1569 256 1630 ὤνκαὶ
274 1571 325 1631 τόν
341 1570 537 1639 ἐπελαύνοντα,
556 1569 592 1632 οἷς
610 1569 690 1630 ἐόντα
709 1569 818 1646 θνητόν,
833 1569 889 1629 ἀπό
906 1573 957 1646 τῆς

153 1657 235 1734 δόξης
248 1660 360 1718 πεσέειν
369 1657 413 1718 ἅν·
430 1661 456 1717 οἱ
470 1657 596 1718 δὲταῦτα
606 1656 809 1735 πυνθανόμενοι
820 1657 957 1735 ἐβοήθεον

155 1749 182 1809 ἔς
194 1745 246 1822 τήν
259 1749 394 1826 Τρηχῖνα.

105 1835 166 1894 204
206 1833 339 1894 Τούτοισι
348 1833 424 1910 ἦσαν
435 1833 488 1910 μέν
501 1858 549 1893 νυν
562 1833 608 1892 καὶ
622 1831 708 1893 ἄλλοι
721 1833 876 1914 στρατηγοὶ
886 1835 957 1892 κατιὶ

152 1922 255 1987 πόλιας
275 1922 408 1983 ἑκάστων·
443 1921 459 1982 ὁ
481 1922 511 1982 δὲ
534 1920 728 1999 θωμαζόμενος
753 1921 883 1999 μάλιστα
910 1921 956 1980 καὶ

153 2011 258 2076 παντός
276 2015 327 2072 τοῦ
348 2009 556 2089 στρατεύματος
571 2009 723 2091 ἡγεόμενος
739 2007 957 2086 Λακεδαιμόνιος

152 2098 188 2175 ἦν
213 2100 352 2176 Λεωνίδης
378 2099 394 2159 ὁ
420 2097 646 2175 Ἀναξανδρίδεω,
672 2101 722 2158 τοῦ
749 2099 877 2166 Λέοντος,
905 2092 957 2156 πού

153 2186 369 2265 Εὐρυκρατίδεω,
390 2191 440 2246 τοῦ
467 2185 663 2263 Ἀναξάνδρου,
684 2189 735 2246 τοῦ
758 2183 956 2261 Εὐρυκράτεος,

154 2279 205 2334 τοῦ
219 2273 399 2351 Πολυδώρου,
409 2277 459 2334 τοῦ
469 2273 665 2350 Ἀλκαμένεος,
675 2277 725 2332 τοῦ
736 2273 890 2348 Τηλέκλου,
904 2273 957 2330 τοῦ

153 2361 303 2440 Ἀρχέλεω,
321 2365 371 2420 τοῦ
382 2360 556 2452 Ἡγησίλεω,
572 2365 624 2422 τοῦ
644 2361 806 2438 Δορύσσου,
820 2363 869 2419 τοῦ
883 2365 957 2418 Λεω-

154 2449 254 2528 βότεω,
282 2451 332 2508 τοῦ
357 2445 557 2527 Ἐχεστρδίτου,
581 2452 633 2509 τοῦ
655 2448 764 2528 Ἤγιος,
792 2451 842 2507 τοῦ
869 2446 958 2524 Εὐρυ·

154 2537 275 2606 σθένεος,
296 2540 346 2596 τοῦ
361 2535 576 2617 Ἀριστοδήμου,
594 2540 644 2597 τοῦ
665 2533 885 2614 Ἀριστομδχου,
905 2536 956 2593 τοῦ

157 2624 323 2693 Κλεοδαίου,
337 2627 388 2684 τοῦ
404 2623 523 2694 Ὕλλου,
537 2629 588 2685 τοῦ
604 2625 769 2701 Ἡρακλέος,
784 2621 958 2699 κτησόμενος

107 2717 165 2775 205
174 2713 226 2790 τήν
235 2711 560 2792 βασιληΐηνένΣπόρτη
571 2712 602 2782 ἐξ
611 2711 834 2790 ἀπροσδοκήτου.
863 2709 959 2780 Διξῶν
1036 2773 1040 2783 ,

154 2801 209 2884 γάρ
228 2804 255 2860 οἱ
276 2800 375 2860 ε’όντων
391 2802 592 2879 πρεσβυτέρων
607 2800 760 2875 ἀδελφεῶν,
782 2796 960 2876 Κλεομένεός

153 2915 185 2951 τε
201 2891 246 2948 καὶ
260 2889 388 2967 Δωριέος,
404 2888 568 2964 ἀπελήλατο
586 2892 636 2964 τῆς
654 2887 802 2964 φροντίδος
820 2886 884 2962 περὶ
908 2887 959 2960 τῆς

155 2979 321 3056 βασιληίης·
356 2976 546 3040 ἀποθανόντος
572 2977 602 3036 δὲ
632 2975 807 3052 Κλεομένεος
840 2972 957 3034 ἄπαιδος

156 3067 267 3144 ἔρσενος
279 3065 373 3149 γόνου,
388 3064 508 3142 Δωριέος
517 3089 548 3122 τε
562 3062 654 3123 οὐκέτι
667 3061 760 3125 ἐόντος
774 3061 851 3120 α’λλοὶ
864 3063 957 3120 τελευ-

155 3153 294 3229 τήσαντος
308 3155 354 3214 καὶ
366 3152 465 3215 τούτου
480 3157 508 3212 ἐν
519 3151 642 3230 Σικελίῃ,
654 3149 725 3210 οὕτω
736 3149 769 3225 δή
781 3153 808 3210 ε’ς
817 3143 957 3219 Λεωνίδην

164 3238 322 3317 ἰνέβαινεή
343 3241 494 3318 βασιληίη·
522 3239 568 3298 καὶ
586 3237 656 3296 διότι
676 3235 811 3311 πρότερος
832 3229 958 3313 ἐγεγόνεε
