2280 3432
166 99 289 162 99-102]
502 97 654 146 οιοικιι.
913 93 960 147 259

166 177 190 236 δ’
206 177 261 254 ἄρα
276 202 321 238 τοι
335 176 526 254 βεβούλευται
543 175 627 238 αύτδν
640 175 832 238 ἀπελαύνοντα
845 175 964 258 ἀπάγειν

165 265 218 341 τήν
233 264 377 342 στρατιήν,
395 264 488 341 ἀλλην
505 265 558 344 ἔχω
575 265 622 324 καὶ
639 269 669 324 ἐκ
687 265 772 325 τῶνδε
784 265 904 342 βουλήν·
926 265 964 326 σύ

122 381 127 386 ·
166 354 289 430 Πέρσας,
297 355 430 429 βασιλεῦ,
444 354 485 431 μὴ
498 354 621 432 ποιήσῃς
631 353 857 434 καταγελάστους
870 355 964 434 γενέσ-

166 441 213 502 θαι
221 440 358 518 Ἕλλησι·
379 441 524 523 οὐδὲνγὰρ
538 448 567 503 ἐν
576 447 656 523 τοῖσι
669 443 803 522 Πέρσησι
816 441 980 517 δεδήληται,

164 533 219 590 τῶν
239 529 417 611 πρηγμάτων,
437 528 511 610 ούδέδ
521 535 590 608 ἐρεῖς
612 531 677 592 ὅκου
699 530 850 612 ἐγενόμεθα
870 528 966 608 ἄνδρες

165 621 255 679 κακοί·
281 619 352 678 εἰδὲ
370 619 494 682 Φοίνικές
506 645 538 679 τε
552 621 598 679 καὶ
610 619 759 702 Αἰγύπτιοι
778 620 824 678 καὶ
842 619 968 697 Κύπριοί

164 732 197 766 τε
214 707 261 765 καὶ
279 707 395 770 Κίλικες
413 708 492 766 κακοὶ
509 709 643 789 ἐγένοντο,
664 707 742 768 οὐδὲν
763 707 833 784 πρός
849 709 966 784 Πέρσας

165 798 248 854 τοῦτο
258 793 396 871 προσήκει
405 793 438 854 τό
451 794 550 857 πάθος.
579 794 632 870 ἤδη
644 794 688 864 ὧν,
700 795 793 870 ἐπειδή
809 793 841 853 ού
854 797 966 872 Πέρσαι

165 906 209 942 τοι
222 881 309 941 α’ίτιοί
320 885 383 951 εἶσι,
397 882 459 957 ἐμοὶ
469 883 574 942 πείθεο·
592 883 617 940 εἶ
628 907 672 941 τοι
685 881 811 940 δέδοκται
824 881 864 956 μή
878 907 966 958 παρα·

165 969 265 1045 μένειν,
287 967 324 1028 σι)
342 969 394 1044 μὲν
415 972 443 1031 ἐς
465 967 535 1044 ἤθεα
558 969 593 1028 τὰ
614 972 737 1028 σεωυτοῦ
758 967 897 1027 ἀπέλαυνε
917 972 968 1043 τῆς

166 1061 300 1133 στρατιῆς
320 1055 435 1137 ἀπάγων
453 1055 486 1117 τά
507 1055 629 1116 πολλόν·
654 1059 701 1132 ἐμὲ
722 1055 754 1114 δέ
771 1081 819 1115 σοι
838 1055 894 1135 χρή
915 1055 967 1131 τήν

165 1141 292 1203 Ἑλλάδα
306 1147 465 1224 παρασχεῖν
481 1143 695 1220 δεδουλωμένην,
709 1143 858 1220 τριήκοντα
870 1141 966 1220 μυριά-

166 1231 215 1296 δας
229 1236 279 1292 τοῦ
298 1237 421 1311 στρατοῦ
437 1229 672 1309 ἀπολεξάμενον.”
713 1235 807 1290 Ταῦτα
825 1229 947 1293 οἰκούσας
957 1232 1012 1290 101

166 1321 272 1397 Ξέρξης
291 1321 326 1384 ὥς
340 1326 369 1380 ἐκ
383 1324 474 1381 κακοῖν
487 1319 574 1400 ἐχάρη
592 1345 623 1380 τε
638 1319 684 1378 καὶ
697 1317 782 1394 ἥσθη·
804 1317 873 1395 πρὸς
887 1323 967 1394 Μαρ·

166 1407 258 1467 δόνιόν
270 1434 310 1479 τε,
325 1408 554 1486 βουλευσάμενος
573 1409 629 1484 ἐφη
648 1405 859 1484 ἀποκρινεῖσθαι
875 1404 968 1466 ὁκότε-

165 1521 215 1573 ρον
227 1497 341 1573 ποιήσει
354 1496 466 1558 τούτων·
489 1496 524 1560 οῖς
537 1497 566 1556 δὲ
580 1493 747 1572 ἐβουλεύετο
761 1493 820 1572 ἅμα
834 1494 968 1572 Περσέων

165 1587 241 1644 τοῖσι
260 1585 445 1662 ἐπικλήτοισι,
460 1585 537 1654 ἔδοξέ
553 1586 580 1643 οῖ
599 1583 645 1642 καὶ
662 1581 843 1660 Ἀρτεμισίην
857 1587 884 1646 ἐς
897 1608 968 1660 συμ-

165 1672 287 1750 βουλίην
313 1673 557 1753 μεταπέμψασθαι,
594 1671 639 1732 ὅτι
666 1671 803 1748 πρότερον
838 1671 968 1746 ἐφαίνετο

165 1757 254 1836 μούνη
279 1763 398 1822 νοέουσα
420 1761 456 1822 τά
479 1761 596 1837 ποιητέα
622 1758 666 1836 ἦν·
696 1758 732 1822 οῖς
755 1759 785 1817 δὲ
809 1757 924 1818 ἀπίκετο
950 1757 970 1834 ἦ

165 1845 339 1925 Ἀρτεμισίη,
360 1848 609 1926 μεταστησάμενος
628 1845 693 1911 τούς
713 1846 827 1917 ἀλλους,
850 1847 915 1909 τούς
937 1872 969 1905 τε

167 1935 350 2011 συμβούλους
371 1938 504 2013 Περσέων
531 1937 577 1996 καὶ
602 1936 666 1999 τούς
687 1933 867 2012 δορυφόρους,
892 1933 969 2002 ἔλεξε

167 2022 272 2099 Ξέρξης
281 2022 357 2082 τάδε·
372 2033 389 2059 “
398 2023 504 2083 κελεύει
513 2027 549 2101 μὲ
559 2023 724 2102 Μαρδόνιος,
740 2022 860 2100 μένοντα
874 2018 968 2091 αὐτοῦ,

166 2110 318 2187 πειρᾶσθαι
331 2113 382 2186 τῆς
391 2111 624 2188 Πελοποννήσου·
641 2113 732 2193 λέγων
746 2109 781 2173 ὥς
793 2135 843 2186 μοι
859 2109 969 2186 Πέρσαι

166 2224 198 2259 τε
220 2198 267 2257 καὶ
288 2197 304 2258 ὁ
324 2198 408 2270 πεζάς
429 2198 550 2276 στρατδς
574 2199 684 2262 ούδενὸς
704 2199 840 2276 μεταίτιοι
864 2196 968 2260 πάθεός

167 2289 231 2357 εἰσι,
253 2282 330 2350 ἀλλά
351 2286 557 2365 βουλομένοισί
578 2293 634 2363 σφι
651 2286 751 2368 γένοιτ’
775 2285 810 2346 ἂν
830 2285 968 2356 ἀπόδεξις.

167 2377 216 2451 ἐμὲ
229 2373 266 2436 ὦν
278 2373 297 2452 ἢ
310 2379 398 2437 ταῦτα
418 2374 524 2436 κελεύει
536 2376 648 2444 ποιέειν,
661 2373 681 2450 ἣ
695 2374 778 2437 αύτὸς
790 2374 880 2434 ἐθέλει
893 2373 967 2452 τριή-

168 2487 252 2523 κοντα
272 2465 406 2543 μυριάδας
427 2462 636 2540 ἀπολεξάμενος
657 2465 708 2523 τοιῖ
732 2466 855 2539 στρατοῦ
878 2487 966 2539 παρα-

168 2553 249 2627 σχεῖν
264 2577 314 2628 μοι
330 2552 382 2628 τὴν
398 2551 527 2611 Ἑλλάδα
546 2549 762 2627 δεδουλωμένην·
784 2549 868 2610 αύτδν
884 2550 915 2610 δέ
931 2575 967 2626 με
1013 2611 1016 2616 ,

168 2635 274 2694 κελεύει
287 2627 452 2700 ἀπελαύνειν
464 2637 519 2699 σύν
531 2641 570 2717 τῷ
582 2641 673 2716 λοιπῷ
686 2642 798 2716 στρατῷ
812 2643 839 2701 ἐς
851 2637 921 2714 ἤθεα
933 2637 970 2696 τοὶ

168 2722 230 2800 ἐμά.
272 2724 310 2784 σύ
330 2724 367 2785 ὧν
382 2727 453 2803 ἐμοὶ,
472 2726 518 2786 καὶ
534 2725 591 2808 γάρ
607 2727 671 2804 περὶ
691 2729 741 2801 τῆς
762 2725 917 2804 ναυμαχίης
939 2723 969 2784 εέι

167 2809 396 2887 συνεβούλευσας
410 2817 462 2889 τῆς
480 2813 630 2894 γενομένης
651 2811 701 2872 ούκ
723 2818 798 2872 ἐῶσα
813 2813 969 2882 ποιέεσθαι,

167 2901 216 2959 νῦν
234 2925 266 2961 τε
289 2899 509 2976 συμβούλευσον
531 2899 648 2978 ὁκότερα
670 2901 771 2960 ποιέων
795 2898 915 2978 ἐπιτύχω
940 2897 970 2958 εὗ

167 2985 422 3065 βουλευσάμενος.”
454 2987 492 3050 ‘O
503 2990 556 3066 μέν
570 2993 659 3049 ταῦτα
678 2986 909 3064 συνεβουλεύετο·
930 2986 1017 3062 ἦ102

168 3073 198 3133 δὲ
217 3078 295 3158 λέγει
315 3075 390 3136 τάδε·
419 3077 579 3152 (ῑβασιλειῖ,
600 3074 727 3154 χαλεπόν
743 3075 795 3152 μέν
816 3077 878 3132 ἐστι
899 3099 969 3149 συμ-

90 3163 95 3170 ’
166 3164 363 3246 βουλευομένῳ
380 3168 475 3245 τυχεῖν
491 3162 528 3226 τά
544 3161 646 3241 ἄριστα
662 3163 791 3223 εἴπασαν·
813 3162 860 3221 ἐπὶ
874 3162 969 3239 μέντοι

165 3254 244 3312 τοῖσι
261 3252 415 3330 κατήκουσι
430 3251 589 3334 πρήγμασι,
603 3250 692 3310 δοκέει
709 3275 759 3327 μοι
772 3247 857 3310 αύτόν
869 3249 921 3327 μέν
934 3274 969 3309 σε
