2204 3430
178 102 227 151 22·
486 93 669 146 ὐΡοΔοιοτ
932 96 981 160 [ν.

176 178 206 238 δέ
218 178 321 255 ταύτην
333 178 385 254 τὴν
398 176 491 245 πόλιν,
506 177 671 253 θαρσέοντες
680 174 733 253 ἤδη
745 179 784 254 τῷ
792 175 841 234 Διῒ
854 174 983 237 πλούτου

176 266 240 342 πέρι
254 267 364 343 ἐρίζετε.
406 263 483 323 α’λλοῖ
500 265 565 341 περὶ
578 267 630 340 μέν
643 263 736 343 χῶρης
750 262 804 340 ἄρα
818 261 850 322 οὖ
867 267 982 340 πολλῆς

177 351 239 412 οὐδὲ
256 353 326 413 οὕτω
342 357 477 431 χρηστῆς,
495 353 541 412 καὶ
558 351 645 429 οὔρων
663 355 796 428 σμικρῶν,
813 351 899 429 χρεόν
917 357 982 413 ἐστι

176 439 261 517 όμέας
281 440 374 518 μάχας
396 440 615 516 ἀναβάλλεσθαι
642 438 712 516 πρός
739 465 770 498 τε
797 441 982 514 Μεσσηνίους

172 527 271 592 ’ἐόντας
295 529 456 598 ἰσοπαλέας,
479 529 524 587 καὶ
543 527 681 606 Ἀρκάδας
703 553 734 586 τε
758 527 804 585 καὶ
826 527 980 610 Ἀργείους’

175 620 251 676 τοῖσι
265 617 328 676 οὔτε
341 621 450 695 χρυσοῦ
465 616 598 694 ἐχόμενόν
612 621 674 675 ε’στι
685 614 764 675 οὐδὲν
775 613 838 675 οὔτε
848 614 980 695 α’ργόρου,

175 708 230 764 τῶν
245 705 309 781 πέρι
323 705 371 763 καί
383 730 445 763 τινα
463 703 554 784 ἐνάγει
573 703 715 781 προθυμίη
731 702 894 781 μαχόμενον
911 701 981 763 αἶπο-

177 791 317 867 θνὴσκειν·
359 792 482 870 παρέχον
510 791 539 850 δέ
559 795 610 866 τὴς
643 789 743 866 Ἀσίης
769 790 863 866 πάσης
883 788 981 869 ἄρχειν

177 878 315 950 εὐπετέως,
339 878 413 939 άλλο
438 905 466 939 τι
491 877 673 957 αἷρὴσεσθε;”
692 877 901 959 Ἀρισταγόρης
926 882 981 955 μὲν

175 973 265 1029 ταῦτα
286 969 372 1039 ἐλεξ.
415 969 579 1046 Κλεομένης
600 970 630 1027 δέ
648 966 714 1044 όμεί
737 993 783 1026 ετο
799 967 904 1027 τοῖσδε·
930 967 980 1026 “οἰ

176 1057 246 1126 ξεῖνε
267 1057 404 1134 Μιλήσιε,
422 1056 628 1134 ἀναβάλλομαί
645 1082 689 1116 τοι
710 1060 737 1118 ἐς
757 1055 853 1132 τρίτην
872 1053 980 1132 ἡμέρην

127 1147 166 1203 50
174 1144 413 1224 όποκρινέεσθαι.”
441 1147 512 1205 Τότε
522 1148 573 1222 μέν
584 1150 611 1208 ἐς
621 1147 759 1204 τοσοῦτον
768 1143 891 1220 ἤλασαν.
919 1147 983 1204 ἐπεί

175 1260 205 1292 τε
219 1235 248 1293 δέ
261 1234 280 1310 ἡ
294 1235 373 1310 κυρίη
386 1233 476 1310 ἡμέρη
488 1234 592 1313 ἐγίνετο
602 1237 652 1308 τῆς
662 1231 826 1309 άποκρίσιος
836 1231 881 1290 καὶ
888 1230 980 1306 ἦλθον

153 1333 155 1338 “
176 1326 203 1382 ἐς
215 1319 248 1379 τό
263 1321 453 1400 συγκείμενον,
469 1320 556 1396 εἴρετο
574 1319 589 1379 ὁ
609 1320 773 1396 Κλεομένης
785 1319 835 1380 τόν
847 1319 979 1396 Ἀριστα-

174 1405 262 1486 γόρην
282 1405 405 1466 ὁκοσέων
424 1406 548 1483 ἡμερέων
568 1405 624 1466 α’πό
642 1406 793 1484 θαλάσσης
810 1411 861 1484 τῆς
879 1405 980 1468 Ἰάνων

174 1493 237 1556 ὁδός
258 1495 300 1570 εἴη
318 1493 394 1571 παροῖ
409 1495 549 1570 βασιλέας
574 1494 590 1554 ό
608 1495 638 1554 δὲ
653 1495 867 1577 Ἀρισταγόρης,
883 1493 980 1556 τᾶλλα

175 1580 226 1642 ἐῶν
253 1580 346 1658 σοφός
375 1582 420 1640 καὶ
448 1581 613 1658 διαβάλλων
640 1587 743 1644 ἐκεῖνον
770 1583 808 1654 εὖ,
836 1588 865 1643 ἐν
890 1583 980 1664 τούτῳ

175 1667 300 1746 ἐσφάλη·
321 1670 404 1749 χρεόν
423 1671 477 1751 γάρ
496 1697 545 1747 μιν
559 1671 600 1748 μὴ
617 1673 711 1752 λέγειν
728 1672 761 1732 τό
778 1671 824 1732 ἐόν
836 1673 979 1750 βουλόμε-

174 1757 221 1818 νόν
240 1783 274 1839 γε
291 1757 467 1835 Σπαρτιήτας
485 1759 630 1841 ἐξαγαγεῖν
651 1765 678 1823 ἐς
697 1759 750 1836 τὴν
769 1759 879 1836 Ἀσίην,
900 1761 979 1843 λέγει
1012 1778 1018 1789 ”

173 1845 197 1904 δ’
212 1844 252 1906 ῶν
260 1850 343 1924 τριῶν
356 1851 450 1924 μηνῶν
467 1847 523 1924 φῶς
540 1847 608 1906 εἶναι
622 1847 674 1924 τὴν
688 1847 796 1908 άνοδον·
818 1848 834 1908 ό
849 1849 878 1907 δέ
891 1848 977 1927 ὕπαρ-

173 1933 267 1999 πάσας
294 1934 345 1997 τόν
369 1937 517 1998 ἐπίλοιπον
540 1935 627 2018 λόγον
652 1937 702 1996 τόν
729 1936 745 1996 ό
772 1935 979 2017 Ἀρισταγόρης

174 2023 286 2101 ῶρμητο
306 2025 399 2105 λέγειν
419 2026 483 2103 περὶ
503 2029 553 2102 τῆς
574 2024 649 2096 ὁδοῦ,
668 2025 737 2085 εἶπε·
766 2024 814 2083 “ὦ
832 2024 902 2094 ξεῖνε
922 2031 978 2084 Μι-

171 2111 264 2185 λήσιε,
286 2111 477 2172 ἀπαλλάσσεο
499 2119 529 2172 ἐκ
550 2112 682 2190 Σπάρτης
698 2114 753 2190 πρό
771 2112 867 2176 δόντος
883 2112 977 2188 ἡλίου·

173 2197 270 2256 οὐδένα
296 2198 351 2277 γάρ
375 2199 463 2278 λόγον
488 2199 586 2256 εὐεπέα
608 2201 700 2280 λέγεις
721 2200 976 2277 Λακεδαιμονίοισι,

173 2284 275 2342 ἐθέλων
304 2284 397 2357 σφέας
420 2283 476 2343 οἷπὸ
505 2284 655 2361 θαλάσσης
681 2291 765 2362 τριῶν
792 2292 886 2363 μηνῶν
912 2287 978 2348 ὁδόν

125 2370 161 2426 51
173 2367 315 2449 α’γαγεῖν.”
335 2369 369 2429 Ὁ
383 2373 434 2446 μὲν
448 2371 482 2448 δὴ
498 2372 661 2448 Κλεομένης
680 2377 769 2432 ταῦτα
786 2375 871 2445 εἶπας,
889 2373 934 2451 ἡϊε
950 2381 978 2440 ἐς

172 2456 208 2515 τοὶ
223 2457 304 2515 οἰκία.
346 2457 362 2518 ό
376 2457 406 2517 δέ
419 2457 622 2539 Ἀρισταγόρης
635 2459 735 2536 λοβῶν
747 2462 884 2536 ἱκετηρίην
894 2461 939 2537 ἤϊε
951 2469 979 2528 ἐς

173 2548 224 2603 τοῦ
238 2546 420 2623 Κλεομένεος,
437 2545 561 2606 ἐσελθῶν
575 2547 604 2605 δέ
619 2548 685 2606 εἴσω
699 2546 747 2606 άτε
764 2547 896 2621 ἱκετεύων,
911 2555 978 2609 ἐπα-

176 2635 277 2692 κοῦσαι
303 2634 412 2694 ἐκέλευε
437 2634 487 2694 τόν
520 2635 683 2712 Κλεομένεα
709 2633 917 2710 ἀποπέμψαντα
943 2640 977 2695 τὰ

173 2719 293 2780 παιδίον·
317 2722 511 2798 προσεστήκεε
531 2721 587 2804 γάρ
608 2721 642 2800 δὴ
662 2726 701 2803 τῷ
722 2719 912 2799 Κλεομένεῖἡ
931 2722 977 2782 θυ-

172 2806 271 2888 γάτηρ,
284 2812 321 2888 τῇ
340 2808 445 2888 οὕνομα
457 2809 492 2886 ἡν
505 2806 613 2893 Γοργῶ·
633 2814 717 2872 τοῦτο
731 2812 762 2871 δέ
776 2814 802 2871 οἶ
816 2810 862 2869 καὶ
874 2815 978 2887 μοῦνον

172 2895 268 2956 τέκνον
289 2895 424 2978 ἐτύγχανε
448 2897 494 2958 ἐόν
519 2899 601 2960 ἐτέων
621 2899 693 2961 όκτῶ
713 2899 732 2978 ἡ
754 2901 832 2962 ἐννέα
851 2898 976 2976 ἡλικίην·

173 2984 336 3063 Κλεομένης
355 2985 384 3046 δέ
400 2987 494 3067 λέγειν
506 3012 555 3064 μιν
574 2987 683 3049 ἐκέλευε
695 2989 731 3052 τοὶ
746 2989 890 3068 βούλεται,
906 2989 978 3066 μηδὲ

174 3077 302 3153 ἐπισχεῖν
312 3079 363 3134 τοῦ
377 3075 488 3135 παιδίου
502 3076 600 3136 εἵνεκα.
637 3079 754 3140 ἐνθαῦτα
768 3078 802 3156 δὴ
816 3077 832 3138 ό
845 3075 977 3155 Ἀριστα-

173 3159 259 3237 γόρης
274 3161 376 3244 άρχετο
396 3169 426 3223 ἐκ
446 3164 511 3223 δέκα
528 3162 674 3228 ταλάντων
691 3166 921 3249 όπισχνεόμενος,
942 3166 977 3242 ἤν

174 3247 201 3300 οἱ
217 3253 366 3329 ἐπιτελέσῃ
384 3255 439 3312 τῶν
457 3252 558 3312 ἐδέετο.
579 3253 758 3320 ἀνανεύοντος
772 3257 801 3315 δέ
816 3259 867 3315 τοῦ
886 3259 977 3313 Κλεο-
