2294 3430
185 105 324 169 ιιι-ιτς]
496 105 682 158 nomm.
931 110 980 158 σου

184 184 369 262 ἐβουλεύοντο
381 183 452 262 πρῦς
466 184 502 245 τά
515 168 699 265 λεχθέντρέξ
709 184 902 264 Ἀλεξάνδρου,
917 185 937 267 ᾗ
948 213 981 249 τε

183 272 339 349 στήσονται
358 272 407 332 τδν
429 271 556 350 πόλεμον
579 275 626 333 καὶ
647 279 675 332 ἐν
695 273 782 333 οἵοισι
807 274 934 353 χώροισι·
960 275 980 353 ἦ

183 365 289 420 νικῶσα
315 359 345 419 δὲ
370 359 466 441 γνιύμη
498 360 614 441 ἐγένετο,
643 361 694 437 τήν
720 366 750 420 ἐν
776 361 979 441 Θερμοπύλῃσι

184 447 313 524 ἐσβολὴν
332 447 466 524 φυλάξαι·
490 450 650 525 στεινοτέρη
671 447 726 530 γάρ
747 449 877 524 ἐφαίνετο
893 453 981 510 ἐοῦσα

183 539 232 611 τῆς
245 541 273 598 ἐς
285 536 458 610 Θεσσαλίην,
473 535 518 594 καὶ
531 537 591 612 μία,
605 534 744 616 άγχοτέρη
759 561 791 595 τε
803 539 853 612 τῆς
867 540 980 598 ἑωυτῶν·

182 621 234 697 τήν
247 623 276 681 δὲ
290 620 416 699 άτραπὸν
429 619 462 680 δι’
475 620 511 697 ἣν
528 621 645 697 ἥλωσαν
665 625 692 681 οἱ
708 621 824 685 άλόντες
837 620 982 699 Ἑλλήνων

157 717 162 724 ”
185 714 213 768 ἐν
226 710 437 788 Θερμοπύλῃσι,
452 707 515 769 ούδὲ
528 707 634 788 ᾔδεσαν
647 713 749 770 ἐοῦσαν
761 709 896 788 πρότερον
908 711 981 789 ἦπερ

184 794 347 876 ἀπικόμενοι
380 802 408 859 ἐς
441 797 626 874 Θερμοπύλας
660 797 793 858 ἐπύθοντο
820 800 980 877 Τρηχινίων·

183 883 286 960 ταύτην
298 883 336 945 ῶν
349 882 557 961 ἐβουλεύσαντο
570 884 768 960 φυλάσσοντες
780 885 832 961 τήν
844 886 980 962 ἐσβολὴν,

89 972 132 1058 <0⁸
183 971 223 1048 μή
240 973 366 1050 παριέναι
384 977 412 1036 ἐς
426 972 478 1046 τήν
495 971 623 1031 Ἑλλάδα
641 970 691 1031 τῶν
709 971 869 1049 βάρβαρον·
889 972 938 1032 τόν
951 972 981 1032 δέ

90 1073 126 1124 -3
184 1059 310 1119 ναυτικόν
330 1059 452 1137 στρατόν
471 1060 567 1120 πλέειν
586 1062 639 1140 γῆς
657 1063 708 1135 τῆς
722 1058 918 1122 Ἱστιαιώτιδος
935 1060 981 1119 ἐπὶ

95 1153 132 1228 og
183 1145 370 1223 Ἀρτεμίσιον·
398 1150 487 1208 ταῦτα
509 1147 564 1229 γάρ
590 1146 681 1228 ἀγχοῦ
703 1172 734 1207 τε
755 1145 891 1222 άλλήλων
911 1148 980 1218 ἐστὶ,

96 1239 134 1318 Q*
185 1232 258 1294 ὥστε
274 1233 464 1295 πυνθάνεσθαι
483 1235 518 1295 τά
540 1235 610 1294 κατά
630 1235 773 1311 ἑκατέρους
792 1233 881 1294 ἐόντα.
923 1235 1027 1296 οἷ176

112 1323 136 1444 ἓ
156 1326 162 1338 ’
183 1346 215 1380 τε
227 1326 314 1400 χῶροι
328 1322 413 1384 οὕτως
426 1323 532 1400 έχουσι·
548 1327 630 1382 τοῦτο
643 1324 702 1398 μὲν,
714 1321 747 1381 τῦ
760 1320 937 1399 Ἀρτεμίσιον
950 1326 980 1382 ἐκ

184 1412 234 1467 τοῦ
251 1409 389 1490 πελάγεος
408 1415 458 1469 τοῦ
474 1411 605 1487 Θρηϊκίου
626 1410 657 1480 ἐξ
676 1407 768 1486 εύρέος
785 1407 934 1491 συνάγεται
953 1414 981 1474 ἐς

108 1487 132 1622 ἒ
185 1495 294 1556 στεινόν
311 1497 406 1575 πόρον,
422 1497 473 1557 τόν
490 1497 594 1573 μεταξύ
612 1496 692 1558 ἐόντα
709 1495 798 1572 νήσου
811 1522 843 1557 τε
860 1495 981 1561 Σκιάθου

110 1623 130 1701 ὃ
185 1584 230 1642 καὶ
256 1583 372 1662 ἠπείρου
399 1585 576 1665 Μαγνησίης·
611 1589 641 1643 ἐκ
664 1584 694 1644 δὲ
719 1588 770 1644 τοῦ
796 1588 906 1645 στεινοῦ
931 1588 981 1660 τῆς

184 1669 309 1748 Εὐβοίης
321 1671 374 1749 ἤδη
387 1672 420 1732 τῦ
434 1671 612 1749 Ἀρτεμίσιον
625 1671 731 1746 &efflat
744 1672 879 1752 αἰγιαλός·
900 1677 929 1733 ἐν
942 1672 979 1744 δέ,

183 1756 345 1836 Ἀρτέμιδος
366 1763 435 1837 ἱρον.
475 1758 494 1835 ἦ
512 1759 542 1818 δὲ
559 1758 594 1818 αὖ
617 1759 663 1818 διά
680 1762 816 1837 Τρηχῖνος
835 1759 931 1823 ἐσοδος
953 1765 981 1824 ἐς

183 1845 235 1922 τὴν
253 1846 382 1906 Ἑλλάδα
402 1849 470 1915 ἔστι,
490 1851 527 1926 τῇ
547 1845 718 1922 στεινοτάτη,
738 1845 921 1924 ἡμίπλεθρον·
948 1847 981 1907 οὐ

184 1935 279 2009 μέντοι
293 1934 364 1994 κατσὶ
375 1934 459 1993 τοῦτό
471 1933 498 2014 γ’
515 1935 575 1994 ἐστι
587 1933 621 1993 τό
637 1933 813 1994 στεινότατον
825 1937 875 2009 τῆς
889 1933 981 2013 χάρης
1025 1967 1029 1974 ·

184 2023 235 2094 τῆς
259 2020 358 2096 ἄλλης,
385 2019 451 2079 ἀλλ’
478 2020 622 2097 ἔμπροσθέ
646 2047 677 2081 τε
708 2020 909 2098 Θερμοπυλέων
935 2022 981 2081 καὶ

185 2105 297 2167 ὄπισθε·
332 2107 402 2166 κατά
420 2131 452 2167 τε
476 2106 633 2184 Ἀλπηνοῦς
655 2107 756 2170 ὄπισθε
776 2107 870 2172 ἐόντας
893 2111 982 2168 ἐοῦσα

185 2191 319 2270 οἶμαξιτῦς
338 2193 435 2272 μούνη,
457 2195 502 2254 καὶ
521 2196 663 2272 ἔμπροσθε
680 2197 750 2257 κατὰ
766 2197 880 2256 Φοίνικα
894 2221 979 2256 ποτα-

183 2281 247 2358 μόν,
260 2281 352 2364 ἀγχοῦ
365 2281 506 2359 Ἀνθηλῆς
518 2281 625 2356 πόλιος,
641 2282 774 2360 άμαξιτός
788 2282 865 2360 άλλη
881 2282 978 2361 μούνη.

183 2373 238 2430 τῶν
261 2370 291 2430 δὲ
314 2371 517 2449 Θερμοπυλέων
540 2370 573 2430 τό
596 2372 648 2448 μὲν
669 2371 740 2448 πρός
765 2371 892 2448 ἑσπέρης,
917 2370 981 2450 ὅρος

184 2455 293 2534 ἅβατύν
314 2485 346 2519 τε
367 2459 413 2518 καὶ
434 2456 620 2535 ἀπόκρημνον,
647 2456 765 2536 ύψηλδν,
789 2457 931 2520 ἀνατεῖνον
954 2464 981 2523 ἐς

184 2544 235 2619 την
252 2547 348 2622 Οἴτην·
368 2546 401 2606 τῦ
418 2546 448 2606 δὲ
465 2545 535 2623 πρὸς
555 2544 607 2620 τήν
624 2544 665 2621 ἠῶ
685 2549 735 2621 τῆς
752 2545 826 2620 ὀδοῦ,
845 2546 981 2608 θάλασσα

184 2629 346 2692 ύποδέκεται
361 2635 407 2692 καὶ
421 2631 549 2714 τενάγεα·
569 2634 630 2692 ἐστι
647 2632 677 2692 δὲ
694 2638 723 2692 ἐν
740 2636 777 2712 τῇ
792 2632 880 2712 ἐσόδῳ
895 2633 982 2712 ταύτῃ

186 2716 274 2794 θερμά
294 2721 407 2796 λουτρὰ,
427 2720 463 2780 τοὶ
483 2719 610 2798 Χύτρους
630 2719 763 2780 καλέουσι
783 2723 810 2778 οἱ
830 2719 979 2799 ἐπιχώριοι,

186 2805 232 2863 καὶ
249 2805 345 2883 βωμός
363 2807 468 2884 ἵδρυται
480 2807 636 2885 Ἡρακλέος
652 2805 694 2866 ἐπ’
707 2805 827 2868 αύτοῖσι·
849 2808 981 2886 ἐδέδμητο

185 2889 215 2951 δέ
239 2895 332 2971 τεῖχος
358 2893 428 2953 κατὰ
455 2894 555 2958 ταύτας
580 2894 629 2958 τὰς
656 2893 791 2970 ἐσβολάς,
817 2896 864 2954 καὶ
889 2894 922 2956 τό
948 2921 982 2976 γε

184 2979 307 3040 παλαιῶν
318 2979 407 3040 πύλαι
420 2985 537 3057 έπῆσαν·
558 2981 667 3059 ἔδειμαν
681 2983 710 3042 δέ
726 2982 832 3045 Φωκέες
844 2982 877 3041 τό
890 2985 982 3060 τεῖχος

184 3067 332 3138 δείσαντες,
347 3069 406 3128 ἐπεὶ
419 3070 566 3128 Θεσσαλοὶ
578 3069 668 3146 ἦλθον
682 3076 711 3129 ἐκ
721 3073 895 3146 Θεσπρωτῶν
908 3069 982 3144 οἰκή-

184 3182 282 3220 σοντες
294 3159 349 3238 γῆν
363 3155 415 3232 τῦν
428 3156 554 3229 Αἰολίδα,
568 3156 672 3235 ιη’νπερ
690 3161 738 3218 νῦν
758 3155 895 3216 ἐκτέαται.
933 3154 983 3216 ἅτε

184 3244 220 3324 δὴ
252 3245 426 3326 πειρωμένων
458 3245 513 3305 τῶν
545 3248 703 3306 Θεσσαλῶν
736 3243 985 3320 καταστρέφεσθαί
