2204 3430
154 89 187 142 τι
462 83 645 136 *ammom
890 85 953 151 [τι

156 166 203 226 ἐπὶ
225 165 314 227 πλέον
337 165 446 246 ἐγένετο
468 162 573 225 τούτων
596 167 624 227 ἐς
647 165 736 227 νεῖκος
758 164 847 241 φέρον
864 162 956 236 Ἴωσι,

156 251 234 311 άλλά
247 251 313 312 τάδε
333 254 385 328 μὲν
402 251 531 330 χρήσιμα
552 248 639 328 κάρτα
659 254 735 310 τοῖσι
746 250 827 310 Ἴωσι
847 251 957 332 ἐγένετο

126 382 135 414 ,
156 338 257 400 τούτου
269 342 321 399 τοῦ
335 340 417 402 ἔτεος.
451 337 642 416 Ἀρταφέρνης
656 337 671 398 ὁ
685 338 808 414 Σαρδίων
821 336 956 417 ὕπαρχος,

156 425 409 503 μεταπεμψάμενος
426 426 563 506 ἀγγέλους
576 431 606 484 ἐκ
619 430 674 485 τῶν
688 426 795 484 πολίων
815 425 958 501 συνθήκας

158 515 247 588 σφίσι
268 511 380 574 αύτοῖσι
397 513 462 576 πούς
474 511 572 576 Ἴωνας
588 511 731 594 ἠνάγκασε
743 512 898 584 ποιέεσθαι,
913 513 958 572 ἵνα

158 599 294 660 δωσίδικοι
308 601 361 660 εἶεν
374 601 420 660 καὶ
433 599 473 677 μή
483 599 626 675 ἀλλήλους
636 599 749 677 φέροιέν
755 625 786 658 τε
797 599 842 657 καὶ
852 599 957 681 ἄγοιεν.

158 687 246 747 ταῦτά
269 713 301 747 τε
323 687 466 768 ἠνάγκασε
488 687 591 746 ποιέειν
613 686 727 762 καὶτὰς
746 685 839 765 χιύρας
860 687 959 763 σφέων

159 774 302 851 μετρήσας
331 774 401 836 κατὰ
430 773 735 855 παρασάγγας-τούς
765 774 899 834 καλέουσι
931 778 958 835 οἶ

160 861 272 938 Πέρσαι
297 861 333 922 τά
358 862 507 940 τριήκοντα
533 861 755 932 στάδια-κατά
780 861 814 937 δή
844 861 959 927 τούτους

159 949 302 1026 μετρήσας
323 948 428 1027 φόρους
449 949 528 1020 ἔταξε
552 948 706 1018 ἑκάστοισι,
726 949 753 1008 οἳ
774 949 844 1010 κατά
864 949 960 1029 χάρην

159 1036 334 1098 διατελέουσι
355 1041 464 1117 ἔχοντες
486 1042 516 1096 ἐκ
536 1035 636 1098 τούτου
657 1040 707 1096 τοῦ
725 1036 827 1116 χρόνου
846 1038 899 1096 αἰεὶ
918 1039 960 1098 ἐτι

160 1124 206 1182 καὶ
219 1130 246 1187 ἐς
260 1128 316 1202 ἐμὲ,
332 1124 367 1188 οἷς
381 1124 542 1204 ἐτάχθησαν
561 1123 592 1193 ἐξ
607 1123 820 1202 Ἀρταφέρνεος·
842 1123 959 1203 ἐτάχθη-
1000 1167 1006 1175 ·

159 1237 215 1271 σαν
228 1212 257 1272 δέ
271 1211 375 1290 σχεδδν
389 1211 460 1271 κατά
473 1210 509 1272 τά
523 1209 593 1271 αύτεὶ
610 1211 646 1272 τοὶ
665 1212 711 1270 καὶ
723 1211 858 1290 πρότερον
872 1212 958 1290 εἶχον.

112 1298 151 1358 43
160 1299 221 1358 Καί
232 1305 288 1371 σφι
300 1303 389 1358 ταῦτα
408 1301 460 1376 μὲν
481 1300 604 1376 εἰρηναῖα
623 1297 668 1374 ἦν.
709 1298 768 1376 ἅμα
786 1298 816 1358 δέ
833 1303 872 1378 τῷ
890 1301 959 1377 ἔαρι,

159 1389 214 1445 τῶν
227 1385 323 1445 ἄλλων
340 1387 569 1463 καταλελυμένων
589 1390 755 1468 στρατηγῶν
768 1391 799 1445 ἐκ
811 1387 959 1462 βασιλέος,

161 1471 320 1549 Μαρδόνιος
347 1471 363 1532 ὁ
387 1472 525 1551 Γωβρύεω
551 1475 699 1550 κατέβαινε
726 1474 771 1533 ἐπὶ
798 1474 959 1547 θάλασσαν,

160 1558 283 1637 στρατὸν
309 1558 421 1621 πολλάν
442 1563 494 1638 μέν
520 1561 608 1639 κάρτα
633 1561 717 1632 πεζδν
743 1560 801 1638 ἅμα
824 1559 962 1642 ἀγόμενος

160 1645 272 1707 πολλάν
288 1647 317 1706 δέ
335 1647 471 1720 ναυτικδν,
485 1648 597 1726 ἡλικίην
610 1675 641 1710 τε
655 1651 715 1714 νέος
728 1649 787 1720 ἐάν,
802 1648 848 1709 καὶ
860 1652 961 1711 νεωστὶ

160 1735 325 1816 γεγαμηκώς
351 1737 490 1812 βασιλέος
513 1738 634 1814 Δαρείου
661 1738 798 1818 θυγατέρα
823 1735 961 1824 Ἀρταζά·

162 1848 261 1899 στρην.
301 1822 376 1905 άγων
396 1824 426 1884 δέ
446 1823 497 1886 τάν
517 1825 641 1902 στρατδν
660 1829 758 1884 τοῦτον
771 1824 788 1885 ὅ
802 1825 962 1903 Μαρδόνιος

161 1910 224 1970 ἐπεί
234 1936 266 1971 τε
279 1912 387 1994 ἐγένετο
401 1916 430 1974 ἐν
443 1916 479 1992 τῇ
493 1913 617 1992 Κιλικίῃ,
632 1910 715 1976 αύτδς
727 1915 779 1989 μὲν
793 1913 894 1990 ἐπιβάς
915 1915 962 1974 ἐπὶ

162 1997 222 2062 νεδς
242 2000 383 2076 ἐκομίζετο
397 1999 456 2077 ἅμα
467 2003 536 2078 τῇσι
554 1998 663 2078 ἄλλῃσι
675 2000 767 2076 νηυσὶ,
782 2000 918 2077 στρατιήν
931 2002 962 2061 δέ

160 2087 213 2162 τήν
227 2087 314 2162 πεζήν
331 2085 417 2147 άλλοι
430 2087 564 2169 ἡγεμόνες
576 2086 647 2168 ἦγον
661 2088 706 2146 ἐπὶ
719 2085 770 2148 τάν
782 2087 960 2164 Ἑλλήσπον-

161 2199 221 2234 τον.
262 2173 298 2237 οἷς
311 2174 341 2232 δὲ
354 2174 523 2250 παραπλέων
542 2173 595 2250 τήν
607 2173 708 2251 Ἀσίην
722 2174 837 2236 α’πίκετο
850 2175 866 2237 ὁ
880 2182 962 2254 Map-

162 2259 252 2324 δάνιος
267 2265 295 2324 ἐς
314 2260 366 2335 τήν
378 2260 492 2336 Ἰωνίην,
507 2261 627 2322 ἐνθαῦτα
646 2263 783 2344 μέγιστον
799 2264 879 2341 θῶμα
895 2265 962 2341 ἐρέω

161 2350 239 2407 τοῖσι
255 2346 296 2424 μή
317 2346 547 2425 ἀποδεκομένοισι
567 2347 712 2425 Ἑλλήνων
732 2351 866 2429 Περσέων
884 2355 962 2412 τοῖσι

162 2433 233 2493 ἐπτοὶ
257 2433 376 2494 Ὀτάνεα
402 2434 515 2516 γνάμην
537 2435 728 2508 ἀποδέξασθαι
752 2437 788 2502 οἷς
811 2439 895 2518 χρεόν
919 2441 963 2516 εἴη

162 2520 400 2600 δημοκρατέεσθαι
421 2524 545 2601 Πέρσας·
572 2524 637 2589 τούς
659 2524 714 2604 γάρ
737 2525 884 2603 τυράννους
906 2531 964 2588 τῶν

163 2605 260 2670 Ἰάνων
281 2609 462 2676 καταπαύσας
482 2613 589 2676 πάντας
609 2612 626 2673 ά
644 2612 803 2690 Μαρδόνιος
824 2614 963 2690 δημοκρα-

161 2695 222 2760 τίας
245 2697 364 2760 κατίστα
388 2703 416 2764 ἐς
438 2699 488 2764 τοὶς
511 2699 624 2764 πόλιας.
664 2704 753 2760 ταῦτα
775 2701 805 2760 δέ
829 2701 963 2777 ποιήσας,

161 2781 292 2868 ήπείγετο
314 2792 342 2852 ἐς
361 2787 411 2850 τάν
430 2787 657 2864 Ἑλλήσποντον.
699 2787 734 2851 οἷς
755 2787 785 2848 δὲ
804 2788 964 2868 συνελέχθη

155 2872 214 2949 ‘mv
232 2879 330 2954 χρῆμα
349 2877 462 2938 πολλάν
483 2880 560 2947 νεῶν,
582 2875 740 2954 συνελέχθη
762 2877 792 2936 δὲ
814 2877 860 2936 καὶ
880 2877 965 2948 πεζὰς

161 2963 271 3028 πολλὸς
288 2964 417 3043 στρατδς,
431 2963 581 3040 διαβάντες
592 2967 661 3041 τῇσι
679 2964 761 3041 νηυσὶ
774 2963 824 3026 τδν
836 2964 964 3042 Ἑλλήσ-

162 3075 264 3114 ποντον
280 3051 447 3131 ἐπορεύοντο
461 3050 507 3110 διά
520 3054 571 3125 τῆς
583 3050 727 3128 Εύριύτιης·
748 3051 914 3130 ἐπορεύοντο
934 3053 965 3113 δέ

115 3137 154 3198 44
163 3139 211 3198 ἐπί
225 3167 256 3202 τε
273 3140 418 3220 Ἐρέτριαν
436 3139 483 3198 καὶ
498 3135 628 3213 Ἀθήνας.
669 3138 758 3201 Αὗται
776 3142 828 3217 μὲν
849 3139 887 3201 ὦν
907 3147 966 3218 σφι

162 3227 318 3308 πρόσχημα
338 3227 414 3304 ἦσαν
434 3229 485 3288 τοῦ
506 3224 624 3288 στόλου·
645 3226 715 3305 ἀτάρ
733 3234 764 3289 ἐν
781 3228 836 3309 νόω
853 3229 966 3310 ἔχοντες
