2280 3432
191 79 295 145 17-19]
495 76 682 124 Κιωιιοιιιι.
939 77 985 122 τοο

190 157 298 236 θανάτῳ
319 157 427 225 δώσειν,
442 155 685 230 διαβεβλημένους
701 152 757 212 ύπδ
772 156 937 221 Θεσσαλῶν,
951 152 987 216 ώς

190 245 244 326 ἐγώ
261 245 365 316 εἰκάζω·
387 249 434 304 νῦν
452 242 489 303 ὧν
505 242 588 320 ἄνδρα
606 241 697 303 πάντα
712 241 774 302 τινά
795 240 885 318 ύμέων
904 241 988 320 χρεόν

191 339 253 393 ἐστι
265 334 396 414 γενέσθαι
409 332 524 414 ἀγαθόν·
541 333 663 410 κρέσσον
675 331 730 414 γάρ
744 328 888 392 ποιεῦντάς
900 356 928 389 τι
941 331 988 389 καί

190 420 377 498 ἀμυνομένους
389 425 557 497 τελευτῆσαι
566 420 617 482 τόν
630 425 722 489 αἰῶνα,
733 417 804 496 ἥπερ
815 419 988 498 παρέχοντας

191 507 377 587 διαφθαρῆναι
387 510 526 589 αἰσχίστῳ
539 509 626 588 μόρῳ·
643 507 720 567 ἀλλὰ
729 508 840 584 μαθέτω
848 533 890 569 τις
900 506 989 567 αύτών

191 595 234 656 ὅτι
249 597 338 658 ἐόντες
354 597 500 674 βάρβαροι
516 595 557 654 ἐπ’
569 595 696 671 Ἕλλησι
712 595 830 673 ἀνδράσι
845 595 933 672 φόνον
947 596 987 672 ἐρ<

189 683 308 762 ραψαν.”
347 683 382 743 Ὁ
399 687 450 760 μέν
466 683 503 743 ὦν
520 688 608 744 ταῦτα
624 683 763 760 παραίνεε·
786 687 812 742 οἱ
834 684 863 743 δέ
885 685 987 753 ἱππέες,
998 686 1034 746 18

191 772 254 830 ἐπεί
267 773 300 830 τέ
316 777 408 848 σφεας
421 771 622 842 ἐκυκλώσαντο,
637 771 793 846 ἐπήλαυνον
807 771 842 834 ώς
855 771 990 831 α’πολεΰν-

190 885 242 934 τες,
258 861 304 918 καί
317 859 351 934 δή
366 860 527 920 διετείνοντο
543 860 579 919 τοί
596 861 687 936 βέλεα
701 858 736 920 ώς
754 857 920 934 ἀπήσοντες·
942 860 990 918 καί

191 946 240 1006 κού
259 973 301 1010 τις
322 948 367 1006 καί
388 945 488 1023 ἀπήκε.
530 947 576 1005 καί
593 949 619 1006 οἱ
636 945 724 1006 ἀντίοι
745 946 876 1018 ἐστασαν,
899 946 989 1022 πάντη

191 1035 399 1114 συστρέψαντες
413 1035 527 1098 ἑωυτούς
540 1035 585 1094 καὶ
598 1032 791 1098 πυκνώσαντες
804 1032 839 1096 ώς
851 1033 987 1110 μάλιστα·

191 1124 310 1183 ἐνθαῦτα
337 1127 363 1182 οἰ
391 1122 507 1183 ἱππόται
533 1122 719 1200 ὑπέστρεφον,
748 1122 793 1181 καί
827 1121 989 1198 ἀπήλαυνον

121 1272 124 1277 ,
191 1208 292 1270 ὀπίσω.
334 1210 383 1270 ούκ
400 1213 453 1291 ἔχω
472 1211 495 1270 δ’
512 1211 644 1289 ἀτρεκέως
660 1213 753 1279 εἰπεῖν,
773 1209 836 1270 ούτε
857 1213 880 1268 εἰ
899 1209 989 1285 ἦλθον

190 1301 242 1376 μὲν
259 1299 426 1363 ἀπολέοντες
444 1300 508 1364 τούς
524 1301 634 1364 Φωκέας
652 1299 802 1374 δεηθέντων
822 1302 987 1368 Θεσσαλῶν,

191 1389 251 1459 ἐπεὶ
264 1389 294 1448 δέ
307 1387 382 1465 ώρων
395 1387 466 1466 πρός
478 1387 613 1465 ἀλέξησιν
631 1388 829 1466 τραπομένους,
849 1386 988 1450 δείσαντες

190 1475 230 1553 μή
247 1476 292 1535 καί
308 1477 396 1552 σφίσι
413 1477 527 1558 γένηται
540 1476 671 1555 τρώματα
690 1475 760 1535 οὕτω
778 1475 812 1552 δή
828 1474 989 1551 ἀπήλαυνον

191 1563 290 1624 ὄπίσω·
318 1563 353 1629 ώς
371 1565 426 1647 γάρ
447 1571 503 1642 σφι
523 1567 678 1626 ἐνετείλατο
697 1563 865 1642 Μαρδόνιος·
889 1562 944 1624 οὔτ’
965 1567 989 1623 εἰ

190 1651 279 1712 αὐτῶν
290 1654 455 1730 πειρηθῆναι
464 1653 589 1730 ἠθέλησε
604 1655 667 1714 εἴτι
680 1652 770 1729 ἀλκῆς
778 1651 939 1732 μετέχουσι·
954 1651 989 1716 οἷς

190 1740 220 1799 δέ
235 1739 326 1800 ὀπίσω
342 1740 496 1817 ἀπήλασαν
512 1745 538 1801 οἱ
555 1742 678 1814 ἱππόται,
697 1741 810 1819 πέμψας
830 1740 988 1818 Μαρδόνιος

190 1826 296 1903 κήρυκα
315 1829 394 1908 ἔλεγε
413 1828 488 1888 τάδε·
521 1839 539 1865 “
548 1830 688 1905 θαρσέετε,
710 1827 731 1886 ὦ
752 1829 866 1892 Φωκέες·
894 1828 988 1906 ἅνδρες

190 1914 245 1992 γαὶρ
259 1913 379 1988 ἐφάνητε
393 1913 483 1976 ἐόντες
496 1915 606 1996 ἀγαθοὶ,
617 1916 667 1974 οὐκ
678 1915 713 1978 ώς
723 1915 776 1995 ἐγώ
787 1915 987 1992 ἐπυνθανόμην·

191 2001 237 2057 καὶ
249 2005 298 2059 νῦν
310 1999 459 2076 προθύμως
473 2001 573 2077 φέρετε
585 2001 635 2061 τόν
647 2001 774 2078 πόλεμον
787 2005 894 2061 τοῦτον·
917 2002 988 2079 εὐερ-

190 2087 306 2166 γεσίῃσι
318 2088 373 2168 γὰρ
388 2087 421 2147 ού
434 2087 562 2164 νικήσετε
575 2087 638 2148 οὔτε
649 2087 686 2148 ὧν
696 2091 752 2165 ἐμὲ,
764 2087 827 2147 ούτε
836 2089 988 2164 βασιλέα·”

189 2173 226 2234 τοὶ
238 2175 302 2252 περὶ
315 2176 429 2236 Φωκέων
441 2179 494 2254 μέν
506 2181 534 2240 ἐς
546 2179 667 2237 τοσοῦτο
681 2176 799 2256 ἐγένετο.
863 2183 864 2186 ’

228 2263 444 2341 Λακεδαιμόνιοι
467 2266 504 2335 δέ,
527 2264 562 2328 ώς
583 2269 611 2328 ἐς
631 2264 681 2325 τδν
701 2263 820 2342 Ἰσθμόν
839 2263 937 2342 ἦλθον,
957 2269 1034 2326 ’ἐν19

189 2349 277 2432 τούτῳ
293 2353 571 2430 ἐστρατοπεδεύοντο·
591 2351 793 2428 πυνθανόμενοι
811 2352 841 2412 δέ
858 2357 946 2414 ταῦτα
962 2358 989 2414 οἱ

189 2442 286 2499 λοιποὶ
302 2440 532 2518 Πελοποννήσιοι
550 2444 627 2501 τοῖσι
644 2440 680 2500 τά
700 2438 802 2517 α’μείνω
823 2441 943 2514 ἑάνδανε,
962 2446 989 2504 οἱ

189 2526 220 2584 δέ
240 2527 287 2586 καί
306 2527 430 2605 ὁρέοντες
447 2529 569 2599 ἐξιόντας
586 2527 772 2607 Σπαρτιήτας,
786 2527 836 2589 ούκ
855 2529 987 2591 ἐδικαίευν

189 2614 338 2676 λείπεσθαι
362 2621 413 2692 τῆς
439 2617 534 2688 ἐξόδου
558 2618 793 2695 Λακεδαιμονίων.
835 2623 865 2678 ἐκ
891 2618 925 2695 δή
953 2618 990 2680 ὦν

190 2706 240 2762 τοῦ
272 2702 399 2781 Ἰσθμοῦ,
427 2705 672 2783 καλλιερησάντων
697 2709 752 2766 τών
778 2709 851 2784 ἱρών,
880 2707 990 2784 ἐπορεύ-

191 2815 255 2850 οντο
281 2791 382 2856 πάντες
411 2794 457 2852 καί
480 2791 656 2854 ἀπικνέονται
683 2798 710 2857 ἐς
734 2791 895 2852 Ἐλευσῖνα·
929 2819 989 2852 ποι-

190 2876 311 2953 ήσαντες
327 2880 358 2939 δέ
372 2878 420 2938 καὶ
440 2880 557 2940 ἐνθαῦτα
576 2879 630 2957 ἱροὶ,
644 2878 680 2944 ώς
696 2885 753 2956 σφι
770 2881 936 2958 ἐκαλλιέρεε,
954 2879 988 2942 τό

190 2965 289 3044 πρόσω
310 2967 483 3045 ἐπορεύοντο,
503 2966 648 3043 Ἀθηναῖοι
671 2968 700 3038 δέ
721 2966 780 3044 ἅμα
801 2966 911 3028 αύτοῖσι
933 2968 989 3028 δια-

189 3054 293 3132 βάντες
312 3058 363 3133 μέν
384 3061 414 3114 ἐκ
435 3056 595 3132 Σαλαμῖνος
612 3055 797 3137 συμμιγέντες
811 3056 840 3114 δέ
854 3061 882 3116 ἐν
894 3055 989 3116 Ἐλευ-

190 3146 259 3204 σῖνι.
287 3143 323 3209 ώς
335 3143 365 3204 δέ
378 3142 433 3222 ἀρα
443 3142 577 3203 ἀπίκοντο
594 3147 645 3218 τῆς
661 3143 794 3219 Βοιωτίης
807 3147 835 3207 ἐς
846 3142 989 3222 Ἐρυθράς,

191 3231 295 3309 ἔμαθόν
307 3260 338 3295 τε
351 3233 385 3310 δή
398 3229 463 3296 τούς
477 3228 644 3308 βαρβάρους
662 3231 708 3290 ἐπὶ
720 3235 759 3303 τῷ
770 3230 891 3316 Ἀσωπῷ
904 3256 989 3312 στρα-
