2204 3430
900 23 912 46 ὗ

143 122 252 186 οι-οι]
448 122 651 173 αοτοαιοιυι.
912 121 942 172 ιτ

142 192 213 278 αὕτη
225 199 281 282 γάρ
292 198 312 277 ἡ
324 200 409 267 πόλις
419 205 475 263 τῶν
487 202 609 262 λοιπέων
627 199 790 262 ε’δυνόστευι
809 199 942 280 μέγιστα·

142 287 269 351 ε’πελθῶν
289 289 386 349 δὲ’έπὶ
408 289 460 368 τόν
481 289 569 366 δῆμον
589 288 605 350 ό
624 287 836 370 Ἀρισταγόρης,
854 283 943 347 ταυτα

141 377 222 459 ἔλεγε
238 376 275 438 τῶ
293 377 339 436 καὶ
358 381 387 437 έν
402 381 438 457 τῇ
455 377 580 456 Σπάρτη,
594 377 659 454 περὶ
679 381 734 436 τῶν
755 375 866 457 ἀγαθῶν
885 378 941 436 τῶν

141 469 171 525 ἐν
193 469 229 545 τῇ
252 464 346 544 Ἀσίη,
370 465 416 525 καὶ
438 469 490 525 τοῦ
511 465 639 542 πολέμου
658 467 709 525 ποῶ
731 463 941 541 Περσικοῶ,·ῶς

140 553 204 613 οὔτε
225 552 333 614 ἀσπίδα
355 553 418 614 οὔτε
436 551 503 630 δόρυ
521 553 675 630 νομίζουσι,
690 551 813 616 εὐπετέες
828 578 859 613 τε
879 576 936 632 χει-

139 642 263 718 ρωθῆναι
277 642 385 718 εἴησαν.
425 644 514 702 ταῦτα
527 666 558 701 τε
571 639 605 716 δὴ
620 641 706 722 ἔλεγε,
722 641 767 700 καὶ
780 639 850 718 πρός
862 644 939 701 τοῖσι

138 728 213 801 τάδε,
228 729 264 793 ῶς
285 732 313 790 οἱ
331 727 473 806 Μιλήσιοι
491 732 548 789 τῶν
567 726 720 804 Ἀθηναίων
742 728 797 788 εἰσὶ
818 726 938 798 ἄποικοι,

139 817 186 874 καὶ
206 816 281 880 οἶκός
296 823 389 892 σφεας
407 818 449 893 ε’ίη
459 816 587 894 γῥόεσθαι
604 815 769 893 δυναμένους
787 816 870 897 μέγα·
891 816 938 876 καὶ

139 902 219 962 οὐδὲν
237 902 253 964 ὅ
269 929 298 964 τι
318 903 367 964 οὐκ
387 903 532 982 ῶπίσχετο,
546 903 592 964 οἶα
612 902 700 980 κάρτα
718 903 855 980 δεόμενος·
876 908 903 966 ές
921 903 938 964 ό

138 988 272 1050 α’νέπεισέ
281 997 382 1067 σφεας.
416 991 542 1056 πολλοῶς
554 992 609 1073 γάρ
624 990 682 1050 οἶκε
696 991 765 1050 εἶναι
779 990 937 1050 εὐπετέστε-

137 1103 189 1154 ρον
208 1078 376 1156 διαβάλλειν
395 1076 414 1156 ἢ
432 1079 488 1150 ἕνα,
503 1083 526 1139 εί
540 1080 704 1157 Κλεομένεα
721 1081 773 1156 μὲν
786 1075 835 1138 τόν
847 1084 936 1138 Λακε-

137 1165 282 1243 δαιμόνιον
300 1171 404 1245 μοῦνον
425 1167 475 1228 οόκ
498 1167 556 1232 οἶός
576 1193 607 1228 τε
629 1167 737 1248 ἐγένετο
760 1165 935 1242 διαβάλλειν,

137 1257 212 1330 τρεῖς
229 1255 259 1316 δὲ
275 1255 408 1333 μυριάδας
425 1255 577 1332 Ἀθηναίων
590 1256 707 1332 ἐποίησε
719 1258 812 1315 τοῦτο.
853 1252 936 1331 Ἀθη-

137 1346 211 1402 ναῖοι
222 1346 275 1421 μὲν
287 1344 321 1420 δὴ
335 1343 556 1426 ἀναπεισθέντες,
573 1345 751 1424 ἐψηφίσαντο
771 1343 859 1402 εἴκοσι
873 1344 937 1408 νέας

137 1429 306 1492 ἀποστεῖλαι
324 1432 449 1509 βοηθοῦς
461 1432 550 1503 Ἴωσι,
570 1431 730 1514 στρατηγόν
751 1430 934 1502 ἀποδέξαντες

138 1517 227 1578 αὐτῶν
240 1520 309 1580 εἶναι
322 1519 493 1590 Μελάνθιον,
507 1519 593 1599 ἄνδρα
607 1526 662 1582 τῶν
681 1519 783 1590 ἀστῶν,
798 1519 879 1580 ε’όντα
898 1520 934 1580 τά

137 1603 228 1666 πάντα
247 1607 370 1684 δόκιμον.
411 1605 493 1668 αὗται
511 1608 541 1668 δὲ
559 1612 588 1668 αἱ
603 1610 661 1673 νέες
678 1608 752 1689 α’ρχή
770 1612 860 1668 κακῶν
877 1610 934 1691 ε’γέ-
1013 1688 1016 1694 1

138 1717 218 1753 νοντο
232 1693 362 1772 Ἕλλησί
379 1721 410 1755 τε
431 1696 477 1754 καὶ
496 1697 685 1775 Βαρβάροισι.

176 1779 380 1864 Ἀρισταγόρης
400 1783 430 1842 δὲ
451 1784 634 1861 προπλώσας,
655 1785 701 1844 καὶ
722 1783 889 1862 ἀπικόμενος
906 1788 981 1848 ε’ς98

136 1867 188 1944 τὴν
207 1871 347 1946 Μίλητον,
365 1869 481 1946 ἔξευρῶν
499 1871 647 1948 βούλευμα
665 1871 711 1930 ἀπ’
731 1870 763 1930 οὗ
779 1871 861 1932 Ἰωσι
881 1876 934 1950 μὲν

137 1955 253 2032 οὐδεμία
265 1957 368 2032 ἔμελλε
382 1955 490 2031 ῶφελίη
504 1957 726 2026 ἔσεσθαι-οὔδ’
742 1958 778 2019 ῶν
792 1958 855 2018 οὐδὲ
870 1961 933 2020 ποό-

136 2066 187 2100 του
209 2043 298 2102 εἵνεκα
320 2043 417 2114 ἐποίεε,
437 2041 502 2102 ἀλλ’
515 2042 584 2106 ὅκως
601 2045 729 2121 βασιλέα
748 2049 868 2122 Δαρεῖον
885 2050 933 2106 λυ-

137 2127 395 2209 πόσεις-έπεμψε
419 2134 446 2194 ές
471 2130 522 2207 τήν
545 2132 669 2214 Φρυγίην
689 2131 776 2211 ἄνδρα
798 2134 843 2194 ε’πὶ
869 2136 934 2199 ταῶς

137 2217 270 2287 Παίονας,
282 2217 346 2282 ταῶς
358 2217 415 2280 όπό
425 2219 584 2298 Στρυμόνος
595 2225 724 2298 ποταμοῦ
737 2221 933 2301 αἰχμαλώτους
981 2288 984 2293 ,

135 2305 300 2386 γενομένους
317 2305 371 2367 ῶπδ
390 2306 572 2390 Μεγαβάζου,
592 2309 731 2374 οἰκέοντας
748 2311 778 2370 δὲ
795 2315 847 2388 τῆς
861 2320 932 2389 Φρυ-

134 2395 197 2474 γίης
216 2393 309 2474 χῶρόν
328 2421 360 2456 τε
381 2395 427 2454 καὶ
449 2396 543 2475 κόμην
564 2396 606 2458 ἐπ’
629 2401 743 2460 ἑωυτῶν·
770 2399 801 2463 ός
823 2402 884 2460 ε’πεί
901 2427 932 2461 τε

135 2481 250 2543 οἶπίκετο
268 2489 296 2547 ἐς
310 2483 376 2547 τοθς
388 2486 521 2556 Παίονας,
535 2487 615 2564 ἔλεγε
630 2486 705 2546 τάδε·
726 2498 745 2524 “
752 2486 847 2566 ἅνδρες
860 2491 932 2549 Παί-

135 2597 203 2644 ονες,
220 2573 328 2650 ἔπεμψέ
343 2599 380 2650 με
395 2571 600 2654 Ἀρισταγόρης
616 2573 632 2634 ό
651 2575 782 2652 Μιλήτου
799 2576 933 2654 τόραννος

135 2662 274 2736 σωτηρίην
289 2660 355 2738 ὑμῖν
373 2659 595 2738 ῶποθησόμενον,
608 2661 695 2739 ἤνπερ
707 2664 856 2741 βούλησθε
873 2666 931 2726 πεί-

135 2747 244 2807 θεσθαι·
265 2752 314 2809 νῦν
331 2747 386 2830 γάρ
401 2748 492 2825 Ἰωνίη
509 2753 590 2808 πῶσα
608 2749 750 2827 οἶπέστηκε
770 2751 825 2812 άπό
845 2755 932 2829 βασι-

134 2833 207 2904 λέος,
222 2836 267 2893 καὶ
285 2835 351 2912 ὑμῖν
370 2838 488 2916 παρέχει
506 2836 648 2908 σῶζεσθαι
668 2839 715 2896 ε’πὶ
731 2839 783 2914 τὴν
798 2840 933 2916 ὑμετέρην

134 2919 234 2982 αὐτῶν.
275 2923 359 3001 μέχρι
379 2927 430 3001 μὲν
450 2923 601 3001 θαλάσσης
622 2923 733 2985 αθτοῖσι
753 2925 826 3002 ῶμῖν,
847 2926 880 2984 τό
902 2927 933 2983 δὲ

134 3008 190 3070 άπό
204 3008 304 3069 τούτου
317 3009 385 3086 ἡμῖν
397 3011 451 3088 ἤδη
463 3011 610 3089 μελήσει.”
650 3017 738 3072 ταῦτα
752 3013 781 3071 δὲ
797 3010 932 3068 άκοόσαν-

133 3123 178 3162 τες
191 3101 218 3158 οἱ
232 3099 361 3167 Παίονες,
376 3099 463 3176 κάρτα
480 3125 511 3159 τε
529 3099 679 3161 ἀσπαστόν
698 3098 866 3172 ἐποιήσαντο
887 3096 933 3152 καὶ

134 3184 327 3265 άναλαβόνπες
346 3187 446 3250 παῖδάς
462 3212 493 3246 τε
509 3189 555 3246 καὶ
571 3190 710 3268 γυναῖκας,
731 3181 935 3256 α’πεδίδρησκον

134 3276 180 3334 έπὶ
202 3275 365 3337 θάλασσαν·
393 3278 420 3334 οἱ
443 3275 475 3334 δέ
495 3300 568 3336 τινες
589 3273 679 3332 αὐτῶν
702 3270 748 3328 καὶ
771 3265 934 3341 κατέμειναν
