2280 3432
194 90 240 136 ‘24ss
503 81 688 134 ΗΡΟΔΟΤΟΤ
900 75 999 142 [VIII.

193 188 243 226 τον
263 160 427 242 θόροβον’
409 160 542 220 απίκοντο
569 156 643 218 ὥστε
663 157 730 218 ἔνιοι
749 159 805 218 τῶν
831 164 1002 238 στρατηγῶν

194 245 258 312 οὐδε
271 249 451 328 κυρωθῆναι”
437 272 533 325 εμενον
545 273 579 307 το
592 246 772 323 προκείμενον
790 249 916 356 πρῆγμα,
931 245 992 306 ἀλλ’

195 340 223 404 ές
241 364 273 398 τε
292 337 342 400 τὰς
362 340 429 411 νῆας
449 334 609 405 ἐσέπιπτον,
635 335 681 392 καὶ
703 333 780 394 ἱστία
806 333 933 411 ἀείροντο
962 335 1000 401 ὥς

196 424 428 506 ἀποθευσόμενοι·
464 423 544 484 τοῖσί
570 448 602 482 τε
632 417 880 498 ὖπολειπομένοισι
907 421 1001 486 αὐτῶν

197 513 321 590 ἐκυρώθη
334 511 389 588 πρά
402 537 453 570 του
439 509 580 588 Ισθμοΰ
590 510 764 587 ναυμαχέειν
775 508 825 579 νύξ
836 536 867 570 τε
881 512 997 591 ε’γίνετο,

196 602 242 660 καὶ
263 627 297 671 οι,
276 599 520 662 διαλυθέντες’
507 625 537 658 εκ
554 624 604 658 του
591 597 777 674 συνεδρίου,
800 599 983 675 έσέβαινον’
969 627 1000 663 ες

147 689 246 752 Me
265 692 342 765 νῆας.
383 685 521 748 Ἐνθαΰτα
547 684 581 761 δῆ
609 684 804 763 Θεμιστοκλέα
828 685 1000 762 ἀπικόμενον

197 777 243 838 ἐπὶ
262 776 314 852 τῆν
332 779 385 852 νῆα
402 776 489 852 ε’ίρετο
508 774 698 850 Μνησίφιλος,
718 771 789 851 ἀνῆρ
806 773 963 849 Ἀθηναῖος,
980 773 999 834 ὅ

195 891 223 926 τι
236 871 292 940 σφι
306 865 347 940 εἴη
359 863 588 941 βεβουλευμένον
592 887 600 931 ;
616 859 772 939 πυθόμενος
786 861 815 920 δὲ
828 861 898 937 πρός
911 861 999 922 αὐτοῦ

197 952 232 1018 ὥς
245 955 287 1029 εἴη
301 953 465 1034 δεδογμένον
479 949 591 1032 ἀνάγειν
600 949 651 1012 τάς
661 953 728 1024 νῆας
737 947 808 1026 πρός
817 948 866 1009 τόν
878 949 999 1026 Ἰσθμόν

196 1041 242 1100 καὶ
254 1067 277 1100 π
294 1040 373 1116 ὁτῆς
387 1038 609 1114 Πελοποννήσου
623 1037 796 1115 ναυμαχέειν,
807 1036 876 1096 εἶπε·
893 1048 910 1073 “
919 1035 999 1099 οὗτοι

196 1127 251 1208 ὥρα
272 1155 308 1206 ην
331 1127 471 1205 ἀπαίρωσι
491 1125 541 1189 τάς
564 1128 632 1202 νῆας
652 1123 709 1184 α’πά
734 1126 904 1203 Σαλαμῖνος,
932 1127 998 1202 περὶ

197 1209 325 1294 οὐδεμιῆς
342 1217 382 1277 ἔτι
395 1214 528 1291 πατρίδος
541 1211 740 1292 ναυμαχήσεις·
762 1212 833 1273 κατά
845 1214 901 1294 γὰρ
914 1212 998 1277 πόλις

197 1304 311 1364 ἕκαστοι
337 1303 496 1381 τρέψονται·
531 1302 578 1360 καὶ
605 1299 668 1360 οὔτε
695 1301 788 1376 σφέας
820 1300 998 1377 Εὖρυβιάδης

197 1393 323 1470 κατέχειν
341 1390 489 1467 δυνήσεται
504 1387 567 1450 οὔτε
585 1415 627 1452 τις
645 1387 795 1465 ἀνθρώπων
813 1386 909 1459 ἀλλος,
924 1389 998 1450 ὥστε

197 1478 230 1540 οὗ
246 1478 286 1556 μῆ
304 1477 539 1552 διασκεδασθῆναι
557 1476 609 1552 τῆν
629 1476 773 1552 στρατιήν·
798 1475 950 1536 ἀπολέεταί
965 1503 998 1538 τε

197 1565 217 1641 ῆ
234 1563 340 1628 Ἑλλὰς
358 1563 537 1642 ἀβουλίῃσι.Ι
565 1563 631 1623 ἀλλ’
648 1565 731 1628 εἴτις
747 1565 809 1624 έστὶ
823 1564 943 1645 μηχανῆ,
957 1565 998 1626 ἴθι

200 1653 246 1712 καὶ
268 1655 354 1729 πειρῶ
374 1651 481 1728 διαχέαι
501 1651 537 1710 τά
556 1653 780 1729 βεβουλευμένα,
800 1651 835 1726 ῆν
859 1678 910 1716 κως
930 1651 998 1732 δύνῃ

197 1737 356 1820 ἀναγνῶσαι
386 1737 564 1816 Εὐρυβιάδεα
595 1738 889 1815 μεταβουλεύσασθαι,
924 1739 999 1800 ὥστε

149 1830 188 1887 58
197 1826 283 1888 αὐτοῦ
295 1825 427 1906 μενέειν.”
468 1825 567 1904 Κόρτα
581 1825 615 1902 δῆ
629 1831 667 1904 τῷ
680 1829 870 1904 Θεμιστοκλέῖ
881 1826 966 1904 ἤρεσε
978 1827 999 1904 ῆ

197 1914 335 1994 ἀποθήκη·
363 1916 409 1976 καὶ
433 1913 511 1975 οὐδὲν
531 1913 603 1992 πράς
625 1916 714 1974 ταῦτα
736 1913 932 1994 ἀμειψόμενος,
953 1913 999 1990 ῆῖε

197 2004 243 2064 ε’πὶ
262 2002 314 2082 τῆν
336 2007 389 2082 νῆα
410 2002 463 2079 τῆν
483 2001 673 2080 Εὐρυβιάδεω·
702 2001 868 2079 ἀπικόμενος
894 2002 924 2062 δὲ
942 2004 999 2080 ἔφη

200 2093 292 2154 θέλειν
309 2095 336 2152 οὶ
352 2090 444 2151 κοινόν
461 2117 489 2151 τι
507 2094 625 2172 πρῆγμα
639 2089 785 2166 συμμίξαι·
807 2089 861 2150 ὅδ’
874 2088 958 2150 αὖτάν
972 2096 1000 2155 ές

195 2179 248 2256 τῆν
261 2184 314 2256 νῆα
328 2180 438 2238 ε’κέλευε
448 2178 577 2254 έσβάντα
589 2177 682 2258 λέγειν
696 2177 722 2237 εί
733 2203 760 2238 τι
774 2178 860 2238 θέλει·
879 2179 999 2238 ἐνθαῦτα

197 2266 214 2327 ὁ
234 2267 443 2345 Θεμιστοκλέης
459 2265 644 2343 παριζόμενός
664 2267 691 2324 οἱ
710 2266 858 2347 καταλέγει
874 2265 951 2326 κεῖνά
967 2292 1000 2326 τε

197 2353 288 2414 πάντα
308 2352 343 2414 τά
363 2352 468 2429 ῆκουσε
489 2353 685 2429 Μνησιφίλου,
707 2356 807 2414 ἑαυτοῦ
827 2352 997 2430 ποιεύμενος,

199 2441 244 2500 καὶ
257 2439 334 2500 ἀλλα
351 2440 449 2500 πολλά
464 2441 635 2517 προστιθείς·
657 2445 684 2504 ές
697 2439 714 2500 ὃ
728 2439 868 2522 ἀνέγνωσε
880 2441 1000 2520 χρηίζων

198 2529 227 2588 ἔκ
240 2554 271 2588 τε
283 2531 333 2604 τῆς
346 2527 412 2604 νηάς
424 2529 543 2606 ἐκβῆναι
557 2528 695 2598 συλλέξαι
706 2553 738 2588 τε
750 2527 815 2592 τοῦς
824 2527 1000 2608 στρατηγοδι

150 2619 188 2677 59
199 2621 226 2680 ές
243 2616 276 2676 τό
295 2613 449 2693 συνέδριον.
489 2615 539 2678 Ὡς
552 2616 581 2676 δὲ
594 2615 648 2692 ἀρα
662 2616 884 2695 συνελέχθησαν,
898 2617 965 2693 πρὶν
982 2616 1000 2692 ἦ

197 2703 247 2766 τάν
270 2702 447 2780 Εὖρυβιάδεα
468 2704 613 2781 προθεῖναι
639 2701 689 2764 τάν
715 2702 804 2784 λόγον
829 2707 884 2763 τῶν
911 2703 1001 2762 εἵνεκα

197 2792 340 2874 συνήγαγε
350 2791 414 2856 τούς
427 2790 611 2873 στρατηγοῶς,
621 2790 711 2853 πολύς
721 2790 756 2867 ἦν
765 2789 782 2850 o‘
792 2791 1002 2867 Θεμιστοκλέης

198 2886 227 2942 έν
246 2885 323 2944 τοῖσι
343 2879 465 2961 λόγοισι,
479 2877 525 2938 οἶα
543 2877 632 2955 κάρτα
652 2876 790 2954 δεόμενος·
818 2879 951 2959 λέγοντος
972 2879 1003 2940 δὲ

197 2969 291 3042 αὖτοῦ,
305 2968 321 3030 ό
335 2964 652 3046 Κορίνθιος-στρατηγός
660 2963 840 3040 Ἀδείμαντος
854 2966 869 3026 ὁ
883 2965 1002 3026 Ὠκιίτου

198 3057 267 3118 εἶπε·
299 3068 317 3094 “
326 3055 347 3116 ὥ
366 3053 579 3132 Θεμιστόκλεες,
597 3058 627 3113 έν
643 3057 721 3113 τοῖσι
739 3053 831 3135 ἀγῶσι
845 3058 872 3114 οἱ
885 3055 1002 3131 προεξα-

200 3145 362 3221 νιστόμενοι
375 3139 562 3219 ραπίζονται·”
583 3138 599 3198 ἀ
613 3140 643 3199 δὲ
656 3139 849 3217 ἀπολυόμενος
863 3143 927 3218 ἔφη·
949 3153 967 3177 “
976 3147 1002 3202 οἱ

152 3229 190 3286 60
199 3227 230 3288 δέ
251 3255 294 3310 γε
312 3225 577 3310 ἐγκαταλειπόμενοι
603 3225 635 3286 οὗ
662 3227 891 3302 στεφανεΰνται.”
932 3227 1003 3290 Τότε
