<?xml version="1.0" encoding="UTF-8"?>
<!DOCTYPE html PUBLIC "-//W3C//DTD XHTML 1.0 Transitional//EN"
    "http://www.w3.org/TR/xhtml1/DTD/xhtml1-transitional.dtd">
<html xmlns="http://www.w3.org/1999/xhtml" xml:lang="en" lang="en">
 <head>
  <title>
</title>
<meta http-equiv="Content-Type" content="text/html;charset=utf-8" />
  <meta name='ocr-system' content='tesseract 3.04.00' />
  <meta name='ocr-capabilities' content='ocr_page ocr_carea ocr_par ocr_line ocrx_word'/>
</head>
<body>
  <div class='ocr_page' id='page_1' title='image "./herodotusrecens01blakgoog_0337.png"; bbox 0 0 2240 3424; ppageno 0'>
   <div class='ocr_carea' id='block_1_1' title="bbox 118 107 977 3332">
    <p class='ocr_par' dir='ltr' id='par_1_1' title="bbox 168 107 977 1760">
     <span class='ocr_line' id='line_1_1' title="bbox 169 107 974 176; baseline 0.004 -17"><span class='ocrx_word' id='word_1_1' title='bbox 169 107 219 159; x_wconf 80' lang='lat'>304</span> <span class='ocrx_word' id='word_1_2' title='bbox 477 107 661 159; x_wconf 75' lang='grc' dir='ltr'>ἮνοΔοοοι·</span> <span class='ocrx_word' id='word_1_3' title='bbox 909 110 974 176; x_wconf 83' lang='lat' dir='ltr'>[1x.</span> 
     </span>
     <span class='ocr_line' id='line_1_2' title="bbox 169 185 977 268; baseline 0.002 -20"><span class='ocrx_word' id='word_1_4' title='bbox 169 185 365 266; x_wconf 77' lang='grc' dir='ltr'>Ἀλεξάνδρου·</span> <span class='ocrx_word' id='word_1_5' title='bbox 391 188 458 250; x_wconf 74' lang='grc' dir='ltr'>ὅδὲ</span> <span class='ocrx_word' id='word_1_6' title='bbox 477 187 565 267; x_wconf 79' lang='grc' dir='ltr'>τούτῳ</span> <span class='ocrx_word' id='word_1_7' title='bbox 589 190 628 266; x_wconf 74' lang='grc' dir='ltr'>τῷ</span> <span class='ocrx_word' id='word_1_8' title='bbox 654 186 731 268; x_wconf 82' lang='grc' dir='ltr'>λόγῳ</span> <span class='ocrx_word' id='word_1_9' title='bbox 759 187 977 265; x_wconf 77' lang='grc' dir='ltr'>καταρρωδήσας</span> 
     </span>
     <span class='ocr_line' id='line_1_3' title="bbox 170 275 977 357; baseline 0 -21"><span class='ocrx_word' id='word_1_10' title='bbox 170 276 236 340; x_wconf 86' lang='grc' dir='ltr'>τοὺς</span> <span class='ocrx_word' id='word_1_11' title='bbox 263 278 386 354; x_wconf 90' lang='grc' dir='ltr'>Πέρσας,</span> <span class='ocrx_word' id='word_1_12' title='bbox 412 277 492 357; x_wconf 81' lang='grc' dir='ltr'>ἔλεγε</span> <span class='ocrx_word' id='word_1_13' title='bbox 512 275 587 336; x_wconf 86' lang='grc' dir='ltr'>τάδε·</span> <span class='ocrx_word' id='word_1_14' title='bbox 615 275 701 334; x_wconf 81' lang='grc' dir='ltr'>“ε’πεὶ</span> <span class='ocrx_word' id='word_1_15' title='bbox 724 275 816 336; x_wconf 85' lang='grc' dir='ltr'>τοίνυν</span> <span class='ocrx_word' id='word_1_16' title='bbox 843 280 871 340; x_wconf 87' lang='grc' dir='ltr'>ές</span> <span class='ocrx_word' id='word_1_17' title='bbox 893 275 935 353; x_wconf 80' lang='grc' dir='ltr'>ήιῖ</span> <span class='ocrx_word' id='word_1_18' title='bbox 955 278 977 356; x_wconf 79' lang='grc' dir='ltr'><em>ἦ</em></span> 
     </span>
     <span class='ocr_line' id='line_1_4' title="bbox 172 363 976 445; baseline 0 -21"><span class='ocrx_word' id='word_1_19' title='bbox 172 364 310 441; x_wconf 78' lang='grc' dir='ltr'>συμβολή</span> <span class='ocrx_word' id='word_1_20' title='bbox 324 365 438 445; x_wconf 93' lang='grc' dir='ltr'>γίνεται,</span> <span class='ocrx_word' id='word_1_21' title='bbox 456 363 542 441; x_wconf 90' lang='grc' dir='ltr'>ὑμέας</span> <span class='ocrx_word' id='word_1_22' title='bbox 561 365 613 441; x_wconf 78' lang='grc' dir='ltr'>μὲν</span> <span class='ocrx_word' id='word_1_23' title='bbox 630 363 714 442; x_wconf 87' lang='grc' dir='ltr'>χρεόν</span> <span class='ocrx_word' id='word_1_24' title='bbox 735 368 796 423; x_wconf 82' lang='grc' dir='ltr'>ἐστι</span> <span class='ocrx_word' id='word_1_25' title='bbox 813 363 878 428; x_wconf 87' lang='grc' dir='ltr'>τοὺς</span> <span class='ocrx_word' id='word_1_26' title='bbox 889 363 976 444; x_wconf 82' lang='grc' dir='ltr'>Ἀθη-</span> 
     </span>
     <span class='ocr_line' id='line_1_5' title="bbox 170 450 976 528; baseline 0.002 -16"><span class='ocrx_word' id='word_1_27' title='bbox 170 453 263 515; x_wconf 89' lang='grc' dir='ltr'>ναίους</span> <span class='ocrx_word' id='word_1_28' title='bbox 276 456 377 528; x_wconf 83' lang='grc' dir='ltr'>στῆναι</span> <span class='ocrx_word' id='word_1_29' title='bbox 391 451 461 512; x_wconf 80' lang='grc' dir='ltr'>κατά</span> <span class='ocrx_word' id='word_1_30' title='bbox 473 451 538 514; x_wconf 89' lang='grc' dir='ltr'>τοὺς</span> <span class='ocrx_word' id='word_1_31' title='bbox 549 451 672 528; x_wconf 78' lang='grc' dir='ltr'>Πέρσας,</span> <span class='ocrx_word' id='word_1_32' title='bbox 682 450 771 527; x_wconf 83' lang='grc' dir='ltr'>ήμέας</span> <span class='ocrx_word' id='word_1_33' title='bbox 783 451 813 510; x_wconf 76' lang='grc' dir='ltr'>δέ</span> <span class='ocrx_word' id='word_1_34' title='bbox 826 451 897 512; x_wconf 79' lang='grc' dir='ltr'>κατά</span> <span class='ocrx_word' id='word_1_35' title='bbox 910 453 976 520; x_wconf 88' lang='grc' dir='ltr'>τοὺς</span> 
     </span>
     <span class='ocr_line' id='line_1_6' title="bbox 170 539 976 621; baseline 0.001 -22"><span class='ocrx_word' id='word_1_36' title='bbox 170 539 307 603; x_wconf 81' lang='grc' dir='ltr'>Βοιωτούς</span> <span class='ocrx_word' id='word_1_37' title='bbox 319 565 351 600; x_wconf 88' lang='grc' dir='ltr'>τε</span> <span class='ocrx_word' id='word_1_38' title='bbox 364 539 410 598; x_wconf 85' lang='grc' dir='ltr'>καὶ</span> <span class='ocrx_word' id='word_1_39' title='bbox 423 539 488 604; x_wconf 89' lang='grc' dir='ltr'>τοὺς</span> <span class='ocrx_word' id='word_1_40' title='bbox 501 539 560 599; x_wconf 78' lang='grc' dir='ltr'>κατ’</span> <span class='ocrx_word' id='word_1_41' title='bbox 575 539 661 616; x_wconf 90' lang='grc' dir='ltr'>ὑμέας</span> <span class='ocrx_word' id='word_1_42' title='bbox 673 539 857 621; x_wconf 76' lang='grc' dir='ltr'>τεταγμένους</span> <span class='ocrx_word' id='word_1_43' title='bbox 869 539 976 619; x_wconf 84' lang='grc' dir='ltr'>Ἑλλή-</span> 
     </span>
     <span class='ocr_line' id='line_1_7' title="bbox 169 627 975 704; baseline -0.001 -15"><span class='ocrx_word' id='word_1_44' title='bbox 169 653 230 698; x_wconf 86' lang='grc' dir='ltr'>νων,</span> <span class='ocrx_word' id='word_1_45' title='bbox 253 627 338 687; x_wconf 84' lang='grc' dir='ltr'>τῶνδε</span> <span class='ocrx_word' id='word_1_46' title='bbox 360 627 460 688; x_wconf 85' lang='grc' dir='ltr'>εἵνεκα·</span> <span class='ocrx_word' id='word_1_47' title='bbox 494 627 571 704; x_wconf 86' lang='grc' dir='ltr'>ὑμεῖς</span> <span class='ocrx_word' id='word_1_48' title='bbox 593 627 748 688; x_wconf 79' lang='grc' dir='ltr'>ἐπίστασθε</span> <span class='ocrx_word' id='word_1_49' title='bbox 770 627 835 690; x_wconf 88' lang='grc' dir='ltr'>τοὺς</span> <span class='ocrx_word' id='word_1_50' title='bbox 858 628 975 704; x_wconf 85' lang='grc' dir='ltr'>Μήδους</span> 
     </span>
     <span class='ocr_line' id='line_1_8' title="bbox 171 714 973 794; baseline 0.004 -20"><span class='ocrx_word' id='word_1_51' title='bbox 171 716 217 774; x_wconf 84' lang='grc' dir='ltr'>καὶ</span> <span class='ocrx_word' id='word_1_52' title='bbox 238 715 290 791; x_wconf 82' lang='grc' dir='ltr'>τήν</span> <span class='ocrx_word' id='word_1_53' title='bbox 305 714 400 794; x_wconf 80' lang='grc' dir='ltr'>μάχην</span> <span class='ocrx_word' id='word_1_54' title='bbox 422 715 518 790; x_wconf 80' lang='grc' dir='ltr'>αὑτοῖν,</span> <span class='ocrx_word' id='word_1_55' title='bbox 543 721 572 776; x_wconf 84' lang='grc' dir='ltr'>ἔν</span> <span class='ocrx_word' id='word_1_56' title='bbox 595 717 749 791; x_wconf 80' lang='grc' dir='ltr'>Μαραθῶνι</span> <span class='ocrx_word' id='word_1_57' title='bbox 770 714 973 794; x_wconf 83' lang='grc' dir='ltr'>μαχεσάμενοι·</span> 
     </span>
     <span class='ocr_line' id='line_1_9' title="bbox 172 801 975 882; baseline 0.006 -21"><span class='ocrx_word' id='word_1_58' title='bbox 172 802 251 879; x_wconf 79' lang='grc' dir='ltr'>ἡμεῖς</span> <span class='ocrx_word' id='word_1_59' title='bbox 275 802 304 862; x_wconf 78' lang='grc' dir='ltr'>δὲ</span> <span class='ocrx_word' id='word_1_60' title='bbox 326 801 439 882; x_wconf 85' lang='grc' dir='ltr'>άπειροί</span> <span class='ocrx_word' id='word_1_61' title='bbox 456 805 489 864; x_wconf 91' lang='grc' dir='ltr'>τέ</span> <span class='ocrx_word' id='word_1_62' title='bbox 512 805 586 880; x_wconf 84' lang='grc' dir='ltr'>εἶμεν</span> <span class='ocrx_word' id='word_1_63' title='bbox 610 803 655 862; x_wconf 85' lang='grc' dir='ltr'>καὶ</span> <span class='ocrx_word' id='word_1_64' title='bbox 677 801 772 864; x_wconf 86' lang='grc' dir='ltr'>οἷδαέες</span> <span class='ocrx_word' id='word_1_65' title='bbox 792 802 896 863; x_wconf 77' lang='grc' dir='ltr'>τούτων</span> <span class='ocrx_word' id='word_1_66' title='bbox 918 809 975 866; x_wconf 79' lang='grc' dir='ltr'>τῶν</span> 
     </span>
     <span class='ocr_line' id='line_1_10' title="bbox 170 889 974 972; baseline 0.001 -22"><span class='ocrx_word' id='word_1_67' title='bbox 170 890 285 970; x_wconf 77' lang='grc' dir='ltr'>ἀνδρῶν·</span> <span class='ocrx_word' id='word_1_68' title='bbox 314 893 509 970; x_wconf 76' lang='grc' dir='ltr'>Σπαρτιητέων</span> <span class='ocrx_word' id='word_1_69' title='bbox 529 889 584 972; x_wconf 81' lang='grc' dir='ltr'>γάρ</span> <span class='ocrx_word' id='word_1_70' title='bbox 606 889 693 953; x_wconf 76' lang='grc' dir='ltr'>οὐδεὶς</span> <span class='ocrx_word' id='word_1_71' title='bbox 718 891 882 968; x_wconf 84' lang='grc' dir='ltr'>πεπείρηται</span> <span class='ocrx_word' id='word_1_72' title='bbox 909 893 974 969; x_wconf 88' lang='grc' dir='ltr'>Μή-</span> 
     </span>
     <span class='ocr_line' id='line_1_11' title="bbox 171 977 977 1064; baseline 0.002 -26"><span class='ocrx_word' id='word_1_73' title='bbox 171 977 234 1040; x_wconf 89' lang='grc' dir='ltr'>δων·</span> <span class='ocrx_word' id='word_1_74' title='bbox 273 979 354 1058; x_wconf 81' lang='grc' dir='ltr'>ἡμεῖς</span> <span class='ocrx_word' id='word_1_75' title='bbox 380 979 410 1039; x_wconf 81' lang='grc' dir='ltr'>δέ</span> <span class='ocrx_word' id='word_1_76' title='bbox 436 984 564 1040; x_wconf 79' lang='grc' dir='ltr'>Βοιωτῶν</span> <span class='ocrx_word' id='word_1_77' title='bbox 590 978 636 1064; x_wconf 78' lang='grc' dir='ltr'>καὶ</span> <span class='ocrx_word' id='word_1_78' title='bbox 663 979 821 1038; x_wconf 81' lang='grc' dir='ltr'>Θεσσαλῶν</span> <span class='ocrx_word' id='word_1_79' title='bbox 848 980 977 1058; x_wconf 82' lang='grc' dir='ltr'>ἔμπειροί</span> 
     </span>
     <span class='ocr_line' id='line_1_12' title="bbox 170 1064 972 1146; baseline 0.001 -20"><span class='ocrx_word' id='word_1_80' title='bbox 170 1070 254 1146; x_wconf 81' lang='grc' dir='ltr'>εἰμεν.</span> <span class='ocrx_word' id='word_1_81' title='bbox 295 1065 361 1126; x_wconf 76' lang='grc' dir='ltr'>ἄλλ’</span> <span class='ocrx_word' id='word_1_82' title='bbox 375 1067 571 1144; x_wconf 78' lang='grc' dir='ltr'>ἀναλαβόντας</span> <span class='ocrx_word' id='word_1_83' title='bbox 586 1065 622 1128; x_wconf 79' lang='grc' dir='ltr'>τά</span> <span class='ocrx_word' id='word_1_84' title='bbox 639 1064 715 1126; x_wconf 84' lang='grc' dir='ltr'>ὅπλα</span> <span class='ocrx_word' id='word_1_85' title='bbox 726 1065 811 1145; x_wconf 83' lang='grc' dir='ltr'>χρεόν</span> <span class='ocrx_word' id='word_1_86' title='bbox 824 1071 885 1126; x_wconf 81' lang='grc' dir='ltr'>ἔστι</span> <span class='ocrx_word' id='word_1_87' title='bbox 904 1069 972 1128; x_wconf 86' lang='grc' dir='ltr'>ἶέναι</span> 
     </span>
     <span class='ocr_line' id='line_1_13' title="bbox 169 1153 973 1234; baseline 0 -19"><span class='ocrx_word' id='word_1_88' title='bbox 169 1154 257 1234; x_wconf 82' lang='grc' dir='ltr'>ὑμέας</span> <span class='ocrx_word' id='word_1_89' title='bbox 277 1158 329 1232; x_wconf 72' lang='grc' dir='ltr'>μὲν</span> <span class='ocrx_word' id='word_1_90' title='bbox 349 1160 376 1219; x_wconf 86' lang='grc' dir='ltr'>ές</span> <span class='ocrx_word' id='word_1_91' title='bbox 395 1155 460 1216; x_wconf 86' lang='grc' dir='ltr'>τάδε</span> <span class='ocrx_word' id='word_1_92' title='bbox 481 1155 514 1214; x_wconf 75' lang='grc' dir='ltr'>τά</span> <span class='ocrx_word' id='word_1_93' title='bbox 538 1155 626 1233; x_wconf 87' lang='grc' dir='ltr'>κέρας,</span> <span class='ocrx_word' id='word_1_94' title='bbox 645 1153 733 1231; x_wconf 89' lang='grc' dir='ltr'>ήμέας</span> <span class='ocrx_word' id='word_1_95' title='bbox 754 1155 784 1212; x_wconf 78' lang='grc' dir='ltr'>δὲ</span> <span class='ocrx_word' id='word_1_96' title='bbox 805 1159 833 1217; x_wconf 86' lang='grc' dir='ltr'>ές</span> <span class='ocrx_word' id='word_1_97' title='bbox 853 1153 887 1215; x_wconf 65' lang='lat' dir='ltr'>v&amp;</span> <span class='ocrx_word' id='word_1_98' title='bbox 909 1153 973 1215; x_wconf 80' lang='grc' dir='ltr'>εὑῶ·</span> 
     </span>
     <span class='ocr_line' id='line_1_14' title="bbox 169 1240 972 1321; baseline 0.001 -19"><span class='ocrx_word' id='word_1_99' title='bbox 169 1241 280 1320; x_wconf 89' lang='grc' dir='ltr'>νυμον.”</span> <span class='ocrx_word' id='word_1_100' title='bbox 320 1242 390 1321; x_wconf 81' lang='grc' dir='ltr'>πρὸς</span> <span class='ocrx_word' id='word_1_101' title='bbox 414 1243 443 1302; x_wconf 85' lang='grc' dir='ltr'>δὲ</span> <span class='ocrx_word' id='word_1_102' title='bbox 465 1247 553 1303; x_wconf 82' lang='grc' dir='ltr'>ταῦτα</span> <span class='ocrx_word' id='word_1_103' title='bbox 578 1242 657 1302; x_wconf 83' lang='grc' dir='ltr'>εἶπαν</span> <span class='ocrx_word' id='word_1_104' title='bbox 681 1245 708 1300; x_wconf 81' lang='grc' dir='ltr'>οἱ</span> <span class='ocrx_word' id='word_1_105' title='bbox 729 1240 873 1318; x_wconf 84' lang='grc' dir='ltr'>Ἀθηναῖοι</span> <span class='ocrx_word' id='word_1_106' title='bbox 896 1243 972 1303; x_wconf 85' lang='grc' dir='ltr'>τάδε·</span> 
     </span>
     <span class='ocr_line' id='line_1_15' title="bbox 169 1326 973 1410; baseline 0.004 -21"><span class='ocrx_word' id='word_1_107' title='bbox 169 1339 188 1366; x_wconf 87' lang='grc'><strong>“</strong></span> <span class='ocrx_word' id='word_1_108' title='bbox 196 1331 242 1390; x_wconf 83' lang='grc' dir='ltr'>καὶ</span> <span class='ocrx_word' id='word_1_109' title='bbox 255 1329 366 1390; x_wconf 88' lang='grc' dir='ltr'>αὑτοῖσι</span> <span class='ocrx_word' id='word_1_110' title='bbox 379 1330 447 1408; x_wconf 81' lang='grc' dir='ltr'>ἡμῖν</span> <span class='ocrx_word' id='word_1_111' title='bbox 462 1330 553 1390; x_wconf 86' lang='grc' dir='ltr'>πάλαι</span> <span class='ocrx_word' id='word_1_112' title='bbox 570 1329 617 1389; x_wconf 76' lang='grc' dir='ltr'>ἀπ’</span> <span class='ocrx_word' id='word_1_113' title='bbox 630 1329 727 1410; x_wconf 73' lang='grc' dir='ltr'>ἀρχῆς,</span> <span class='ocrx_word' id='word_1_114' title='bbox 742 1331 804 1388; x_wconf 83' lang='grc' dir='ltr'>ἔπεί</span> <span class='ocrx_word' id='word_1_115' title='bbox 819 1355 850 1388; x_wconf 87' lang='grc' dir='ltr'>τε</span> <span class='ocrx_word' id='word_1_116' title='bbox 864 1326 973 1407; x_wconf 79' lang='grc' dir='ltr'>εἴδομεν</span> 
     </span>
     <span class='ocr_line' id='line_1_16' title="bbox 169 1411 972 1500; baseline 0.002 -24"><span class='ocrx_word' id='word_1_117' title='bbox 169 1417 228 1477; x_wconf 87' lang='grc' dir='ltr'>κατ’</span> <span class='ocrx_word' id='word_1_118' title='bbox 261 1417 348 1495; x_wconf 87' lang='grc' dir='ltr'>ὑμέας</span> <span class='ocrx_word' id='word_1_119' title='bbox 380 1411 573 1494; x_wconf 83' lang='grc' dir='ltr'>τασσομένους</span> <span class='ocrx_word' id='word_1_120' title='bbox 605 1416 671 1481; x_wconf 88' lang='grc' dir='ltr'>τοὺς</span> <span class='ocrx_word' id='word_1_121' title='bbox 704 1417 828 1494; x_wconf 86' lang='grc' dir='ltr'>Πέρσας,</span> <span class='ocrx_word' id='word_1_122' title='bbox 856 1421 885 1476; x_wconf 81' lang='grc' dir='ltr'>έν</span> <span class='ocrx_word' id='word_1_123' title='bbox 918 1417 972 1500; x_wconf 82' lang='grc' dir='ltr'>νάιρ</span> 
     </span>
     <span class='ocr_line' id='line_1_17' title="bbox 170 1503 972 1586; baseline -0.001 -20"><span class='ocrx_word' id='word_1_124' title='bbox 170 1505 278 1586; x_wconf 85' lang='grc' dir='ltr'>ε’γένετο</span> <span class='ocrx_word' id='word_1_125' title='bbox 300 1507 387 1565; x_wconf 83' lang='grc' dir='ltr'>εἰπεῖν</span> <span class='ocrx_word' id='word_1_126' title='bbox 407 1509 496 1565; x_wconf 84' lang='grc' dir='ltr'>ταῦτα</span> <span class='ocrx_word' id='word_1_127' title='bbox 516 1505 604 1582; x_wconf 84' lang='grc' dir='ltr'>τάπερ</span> <span class='ocrx_word' id='word_1_128' title='bbox 625 1503 702 1582; x_wconf 81' lang='grc' dir='ltr'>ὑμεῖς</span> <span class='ocrx_word' id='word_1_129' title='bbox 723 1503 845 1580; x_wconf 80' lang='grc' dir='ltr'>φθάντες</span> <span class='ocrx_word' id='word_1_130' title='bbox 865 1507 972 1583; x_wconf 90' lang='grc' dir='ltr'>προφέ-</span> 
     </span>
     <span class='ocr_line' id='line_1_18' title="bbox 169 1589 972 1674; baseline 0.002 -23"><span class='ocrx_word' id='word_1_131' title='bbox 169 1617 241 1669; x_wconf 90' lang='grc' dir='ltr'>ρετε·</span> <span class='ocrx_word' id='word_1_132' title='bbox 275 1591 353 1652; x_wconf 81' lang='grc' dir='ltr'>άλλά</span> <span class='ocrx_word' id='word_1_133' title='bbox 378 1592 434 1674; x_wconf 80' lang='grc' dir='ltr'>γάρ</span> <span class='ocrx_word' id='word_1_134' title='bbox 461 1592 633 1669; x_wconf 79' lang='grc' dir='ltr'>ἀρρωδέομεν</span> <span class='ocrx_word' id='word_1_135' title='bbox 659 1592 700 1670; x_wconf 81' lang='grc' dir='ltr'>μή</span> <span class='ocrx_word' id='word_1_136' title='bbox 726 1591 792 1669; x_wconf 87' lang='grc' dir='ltr'>ὑμῖν</span> <span class='ocrx_word' id='word_1_137' title='bbox 818 1589 867 1651; x_wconf 87' lang='grc' dir='ltr'>οὑκ</span> <span class='ocrx_word' id='word_1_138' title='bbox 894 1592 972 1669; x_wconf 77' lang='grc' dir='ltr'>η’δέες</span> 
     </span>
     <span class='ocr_line' id='line_1_19' title="bbox 168 1677 971 1760; baseline 0.002 -22"><span class='ocrx_word' id='word_1_139' title='bbox 168 1679 298 1760; x_wconf 86' lang='grc' dir='ltr'>γένωνται</span> <span class='ocrx_word' id='word_1_140' title='bbox 317 1682 344 1738; x_wconf 83' lang='grc' dir='ltr'>οἱ</span> <span class='ocrx_word' id='word_1_141' title='bbox 362 1678 455 1760; x_wconf 83' lang='grc' dir='ltr'>λόγοι·</span> <span class='ocrx_word' id='word_1_142' title='bbox 476 1680 536 1738; x_wconf 78' lang='grc' dir='ltr'>ἐπεὶ</span> <span class='ocrx_word' id='word_1_143' title='bbox 556 1679 580 1739; x_wconf 86' lang='grc' dir='ltr'>δ’</span> <span class='ocrx_word' id='word_1_144' title='bbox 594 1677 631 1738; x_wconf 79' lang='grc' dir='ltr'>ὧν</span> <span class='ocrx_word' id='word_1_145' title='bbox 647 1678 726 1740; x_wconf 84' lang='grc' dir='ltr'>αὑτοὶ</span> <span class='ocrx_word' id='word_1_146' title='bbox 745 1678 910 1757; x_wconf 80' lang='grc' dir='ltr'>ἐμνήσθητε,</span> <span class='ocrx_word' id='word_1_147' title='bbox 925 1682 971 1740; x_wconf 84' lang='grc' dir='ltr'>καὶ</span> 
     </span>
    </p>

    <p class='ocr_par' dir='ltr' id='par_1_2' title="bbox 120 1765 971 1850">
     <span class='ocr_line' id='line_1_20' title="bbox 120 1765 971 1850; baseline 0.006 -25"><span class='ocrx_word' id='word_1_148' title='bbox 120 1791 124 1801; x_wconf 72' lang='lat'><strong><em>‘</em></strong></span> <span class='ocrx_word' id='word_1_149' title='bbox 168 1765 331 1843; x_wconf 80' lang='grc' dir='ltr'>ἡδομένοισι</span> <span class='ocrx_word' id='word_1_150' title='bbox 343 1766 411 1844; x_wconf 84' lang='grc' dir='ltr'>ήμῖν</span> <span class='ocrx_word' id='word_1_151' title='bbox 425 1768 452 1826; x_wconf 85' lang='grc' dir='ltr'>οἱ</span> <span class='ocrx_word' id='word_1_152' title='bbox 465 1766 548 1849; x_wconf 84' lang='grc' dir='ltr'>λόγοι</span> <span class='ocrx_word' id='word_1_153' title='bbox 560 1766 704 1850; x_wconf 84' lang='grc' dir='ltr'>γεγόνασι,</span> <span class='ocrx_word' id='word_1_154' title='bbox 719 1769 765 1826; x_wconf 80' lang='grc' dir='ltr'>καὶ</span> <span class='ocrx_word' id='word_1_155' title='bbox 776 1769 885 1846; x_wconf 76' lang='grc' dir='ltr'>ε’τοῖμοί</span> <span class='ocrx_word' id='word_1_156' title='bbox 896 1772 971 1845; x_wconf 80' lang='grc' dir='ltr'>εἶμεν</span> 
     </span>
    </p>

    <p class='ocr_par' dir='ltr' id='par_1_3' title="bbox 120 1853 971 2634">
     <span class='ocr_line' id='line_1_21' title="bbox 120 1853 970 1933; baseline 0.004 -21"><span class='ocrx_word' id='word_1_157' title='bbox 120 1854 158 1916; x_wconf 83' lang='grc'>47</span> <span class='ocrx_word' id='word_1_158' title='bbox 168 1855 271 1914; x_wconf 90' lang='grc' dir='ltr'>ποιέειν</span> <span class='ocrx_word' id='word_1_159' title='bbox 290 1854 403 1916; x_wconf 82' lang='grc' dir='ltr'>ταῦτα.”</span> <span class='ocrx_word' id='word_1_160' title='bbox 443 1853 492 1918; x_wconf 87' lang='grc' dir='ltr'>Ὡς</span> <span class='ocrx_word' id='word_1_161' title='bbox 508 1855 531 1914; x_wconf 85' lang='grc' dir='ltr'>δ’</span> <span class='ocrx_word' id='word_1_162' title='bbox 546 1855 649 1933; x_wconf 85' lang='grc' dir='ltr'>η”ρεσκε</span> <span class='ocrx_word' id='word_1_163' title='bbox 669 1853 857 1932; x_wconf 76' lang='grc' dir='ltr'>ἀμφοτέροισι</span> <span class='ocrx_word' id='word_1_164' title='bbox 872 1859 970 1927; x_wconf 81' lang='grc' dir='ltr'>ταῦτα,</span> 
     </span>
     <span class='ocr_line' id='line_1_22' title="bbox 168 1941 971 2024; baseline 0.006 -22"><span class='ocrx_word' id='word_1_165' title='bbox 168 1941 223 2018; x_wconf 82' lang='grc' dir='ltr'>ήώς</span> <span class='ocrx_word' id='word_1_166' title='bbox 234 1969 265 2004; x_wconf 91' lang='grc' dir='ltr'>τε</span> <span class='ocrx_word' id='word_1_167' title='bbox 279 1942 403 2022; x_wconf 78' lang='grc' dir='ltr'>διέφαινε</span> <span class='ocrx_word' id='word_1_168' title='bbox 417 1943 462 2003; x_wconf 87' lang='grc' dir='ltr'>καὶ</span> <span class='ocrx_word' id='word_1_169' title='bbox 476 1942 687 2004; x_wconf 86' lang='grc' dir='ltr'>διαλλάσσοντο</span> <span class='ocrx_word' id='word_1_170' title='bbox 700 1942 750 2006; x_wconf 82' lang='grc' dir='ltr'>ταὶς</span> <span class='ocrx_word' id='word_1_171' title='bbox 759 1943 845 2012; x_wconf 83' lang='grc' dir='ltr'>τάξις·</span> <span class='ocrx_word' id='word_1_172' title='bbox 859 1942 971 2024; x_wconf 86' lang='grc' dir='ltr'>γνόντες</span> 
     </span>
     <span class='ocr_line' id='line_1_23' title="bbox 171 2029 971 2115; baseline 0 -25"><span class='ocrx_word' id='word_1_173' title='bbox 171 2031 201 2090; x_wconf 85' lang='grc' dir='ltr'>δὲ</span> <span class='ocrx_word' id='word_1_174' title='bbox 228 2034 254 2092; x_wconf 82' lang='grc' dir='ltr'>οἱ</span> <span class='ocrx_word' id='word_1_175' title='bbox 275 2033 393 2093; x_wconf 85' lang='grc' dir='ltr'>Βοιωτοὶ</span> <span class='ocrx_word' id='word_1_176' title='bbox 415 2031 448 2092; x_wconf 82' lang='grc' dir='ltr'>τὺ</span> <span class='ocrx_word' id='word_1_177' title='bbox 472 2031 643 2110; x_wconf 79' lang='grc' dir='ltr'>ποιεύμενον,</span> <span class='ocrx_word' id='word_1_178' title='bbox 671 2029 872 2115; x_wconf 75' lang='grc' dir='ltr'>ἐξαγορεύουσι</span> <span class='ocrx_word' id='word_1_179' title='bbox 889 2036 971 2109; x_wconf 88' lang='grc' dir='ltr'>Μαρ-</span> 
     </span>
     <span class='ocr_line' id='line_1_24' title="bbox 168 2117 971 2200; baseline -0.001 -21"><span class='ocrx_word' id='word_1_180' title='bbox 168 2119 257 2200; x_wconf 79' lang='grc' dir='ltr'>δονίῳ·</span> <span class='ocrx_word' id='word_1_181' title='bbox 279 2119 295 2180; x_wconf 85' lang='grc' dir='ltr'>ὑ</span> <span class='ocrx_word' id='word_1_182' title='bbox 354 2121 416 2180; x_wconf 87' lang='grc' dir='ltr'>ε’πεί</span> <span class='ocrx_word' id='word_1_183' title='bbox 433 2145 464 2181; x_wconf 91' lang='grc' dir='ltr'>τε</span> <span class='ocrx_word' id='word_1_184' title='bbox 476 2118 597 2196; x_wconf 75' lang='grc' dir='ltr'>ἤκουσε,</span> <span class='ocrx_word' id='word_1_185' title='bbox 619 2119 717 2180; x_wconf 86' lang='grc' dir='ltr'>αὑτίκα</span> <span class='ocrx_word' id='word_1_186' title='bbox 737 2117 902 2195; x_wconf 90' lang='grc' dir='ltr'>μετιστάναι</span> <span class='ocrx_word' id='word_1_187' title='bbox 924 2119 971 2178; x_wconf 84' lang='grc' dir='ltr'>καὶ</span> 
     </span>
     <span class='ocr_line' id='line_1_25' title="bbox 167 2204 970 2288; baseline 0.001 -23"><span class='ocrx_word' id='word_1_188' title='bbox 167 2205 251 2270; x_wconf 80' lang='grc' dir='ltr'>αὑτάς</span> <span class='ocrx_word' id='word_1_189' title='bbox 277 2212 412 2284; x_wconf 77' lang='grc' dir='ltr'>ἐπειρᾶτο,</span> <span class='ocrx_word' id='word_1_190' title='bbox 440 2207 574 2288; x_wconf 85' lang='grc' dir='ltr'>παράγων</span> <span class='ocrx_word' id='word_1_191' title='bbox 592 2207 657 2271; x_wconf 84' lang='grc' dir='ltr'>τοὺς</span> <span class='ocrx_word' id='word_1_192' title='bbox 676 2207 792 2284; x_wconf 90' lang='grc' dir='ltr'>Πέρσας</span> <span class='ocrx_word' id='word_1_193' title='bbox 816 2204 887 2266; x_wconf 78' lang='grc' dir='ltr'>κατά</span> <span class='ocrx_word' id='word_1_194' title='bbox 906 2206 970 2274; x_wconf 86' lang='grc' dir='ltr'>τοὺς</span> 
     </span>
     <span class='ocr_line' id='line_1_26' title="bbox 168 2293 969 2374; baseline 0.004 -22"><span class='ocrx_word' id='word_1_195' title='bbox 168 2293 410 2372; x_wconf 87' lang='grc' dir='ltr'>Λακεδαιμονίους.</span> <span class='ocrx_word' id='word_1_196' title='bbox 452 2294 488 2358; x_wconf 71' lang='grc' dir='ltr'>οἷς</span> <span class='ocrx_word' id='word_1_197' title='bbox 508 2293 537 2354; x_wconf 74' lang='grc' dir='ltr'>δὲ</span> <span class='ocrx_word' id='word_1_198' title='bbox 558 2295 643 2372; x_wconf 85' lang='grc' dir='ltr'>ἔμαθε</span> <span class='ocrx_word' id='word_1_199' title='bbox 662 2297 746 2356; x_wconf 85' lang='grc' dir='ltr'>τοῦτο</span> <span class='ocrx_word' id='word_1_200' title='bbox 764 2297 875 2354; x_wconf 80' lang='grc' dir='ltr'>τοιοῦτο</span> <span class='ocrx_word' id='word_1_201' title='bbox 895 2293 969 2374; x_wconf 88' lang='grc' dir='ltr'>γινά-</span> 
     </span>
     <span class='ocr_line' id='line_1_27' title="bbox 166 2377 970 2464; baseline 0.002 -23"><span class='ocrx_word' id='word_1_202' title='bbox 166 2406 251 2457; x_wconf 88' lang='grc' dir='ltr'>μενον</span> <span class='ocrx_word' id='word_1_203' title='bbox 269 2380 286 2441; x_wconf 78' lang='grc' dir='ltr'>οι</span> <span class='ocrx_word' id='word_1_204' title='bbox 304 2377 475 2459; x_wconf 82' lang='grc' dir='ltr'>Παυσανίης,</span> <span class='ocrx_word' id='word_1_205' title='bbox 494 2383 577 2464; x_wconf 88' lang='grc' dir='ltr'>γνοὺς</span> <span class='ocrx_word' id='word_1_206' title='bbox 598 2382 641 2443; x_wconf 86' lang='grc' dir='ltr'>ὅτι</span> <span class='ocrx_word' id='word_1_207' title='bbox 664 2381 695 2442; x_wconf 87' lang='grc' dir='ltr'>οὑ</span> <span class='ocrx_word' id='word_1_208' title='bbox 716 2379 855 2450; x_wconf 85' lang='grc' dir='ltr'>λανθάνει,</span> <span class='ocrx_word' id='word_1_209' title='bbox 877 2379 970 2442; x_wconf 80' lang='grc' dir='ltr'>ὀπίσω</span> 
     </span>
     <span class='ocr_line' id='line_1_28' title="bbox 167 2465 970 2549; baseline 0.001 -21"><span class='ocrx_word' id='word_1_210' title='bbox 167 2465 219 2549; x_wconf 85' lang='grc' dir='ltr'>ἦγε</span> <span class='ocrx_word' id='word_1_211' title='bbox 231 2467 296 2532; x_wconf 87' lang='grc' dir='ltr'>τοὺς</span> <span class='ocrx_word' id='word_1_212' title='bbox 306 2469 482 2548; x_wconf 80' lang='grc' dir='ltr'>Σπαρτιήτας</span> <span class='ocrx_word' id='word_1_213' title='bbox 496 2472 541 2530; x_wconf 76' lang='grc' dir='ltr'>ἐπὶ</span> <span class='ocrx_word' id='word_1_214' title='bbox 551 2471 584 2532; x_wconf 66' lang='lat' dir='ltr'>vo*</span> <span class='ocrx_word' id='word_1_215' title='bbox 598 2469 687 2541; x_wconf 76' lang='grc' dir='ltr'>δεξιάν</span> <span class='ocrx_word' id='word_1_216' title='bbox 698 2469 787 2546; x_wconf 90' lang='grc' dir='ltr'>κέρας·</span> <span class='ocrx_word' id='word_1_217' title='bbox 802 2466 838 2532; x_wconf 76' lang='grc' dir='ltr'>ὥς</span> <span class='ocrx_word' id='word_1_218' title='bbox 848 2467 871 2528; x_wconf 82' lang='grc' dir='ltr'>δ’</span> <span class='ocrx_word' id='word_1_219' title='bbox 881 2467 970 2534; x_wconf 82' lang='grc' dir='ltr'>αὕτως</span> 
     </span>
     <span class='ocr_line' id='line_1_29' title="bbox 168 2554 695 2634; baseline 0.008 -20"><span class='ocrx_word' id='word_1_220' title='bbox 168 2554 215 2614; x_wconf 81' lang='grc' dir='ltr'>καὶ</span> <span class='ocrx_word' id='word_1_221' title='bbox 227 2554 243 2615; x_wconf 84' lang='grc' dir='ltr'>ά</span> <span class='ocrx_word' id='word_1_222' title='bbox 257 2556 415 2634; x_wconf 86' lang='grc' dir='ltr'>Μαρδόνιος</span> <span class='ocrx_word' id='word_1_223' title='bbox 428 2558 473 2617; x_wconf 88' lang='grc' dir='ltr'>έπὶ</span> <span class='ocrx_word' id='word_1_224' title='bbox 485 2562 536 2617; x_wconf 81' lang='grc' dir='ltr'>τοῦ</span> <span class='ocrx_word' id='word_1_225' title='bbox 550 2556 695 2634; x_wconf 76' lang='grc' dir='ltr'>εὐωνύμου.</span> 
     </span>
    </p>

    <p class='ocr_par' dir='ltr' id='par_1_4' title="bbox 118 2641 969 3332">
     <span class='ocr_line' id='line_1_30' title="bbox 118 2641 967 2725; baseline 0.004 -20"><span class='ocrx_word' id='word_1_226' title='bbox 118 2647 158 2706; x_wconf 87' lang='grc'>48</span> <span class='ocrx_word' id='word_1_227' title='bbox 203 2641 283 2704; x_wconf 81' lang='grc' dir='ltr'>Ἐπεὶ</span> <span class='ocrx_word' id='word_1_228' title='bbox 296 2643 326 2703; x_wconf 84' lang='grc' dir='ltr'>δὲ</span> <span class='ocrx_word' id='word_1_229' title='bbox 336 2644 513 2721; x_wconf 82' lang='grc' dir='ltr'>κατέστησαν</span> <span class='ocrx_word' id='word_1_230' title='bbox 527 2650 554 2708; x_wconf 78' lang='grc' dir='ltr'>ἐς</span> <span class='ocrx_word' id='word_1_231' title='bbox 566 2644 616 2708; x_wconf 75' lang='grc' dir='ltr'>τοῖς</span> <span class='ocrx_word' id='word_1_232' title='bbox 629 2644 747 2725; x_wconf 88' lang='grc' dir='ltr'>άρχαίας</span> <span class='ocrx_word' id='word_1_233' title='bbox 755 2643 841 2715; x_wconf 81' lang='grc' dir='ltr'>τάξις,</span> <span class='ocrx_word' id='word_1_234' title='bbox 850 2644 967 2724; x_wconf 81' lang='grc' dir='ltr'>πέμψας</span> 
     </span>
     <span class='ocr_line' id='line_1_31' title="bbox 167 2729 968 2812; baseline -0.001 -20"><span class='ocrx_word' id='word_1_235' title='bbox 167 2729 183 2792; x_wconf 83' lang='grc' dir='ltr'>ὁ</span> <span class='ocrx_word' id='word_1_236' title='bbox 196 2730 354 2809; x_wconf 87' lang='grc' dir='ltr'>Μαρδόνιος</span> <span class='ocrx_word' id='word_1_237' title='bbox 368 2731 473 2810; x_wconf 86' lang='grc' dir='ltr'>κήρυκα</span> <span class='ocrx_word' id='word_1_238' title='bbox 486 2737 514 2796; x_wconf 85' lang='grc' dir='ltr'>ές</span> <span class='ocrx_word' id='word_1_239' title='bbox 526 2731 591 2796; x_wconf 87' lang='grc' dir='ltr'>τοὺς</span> <span class='ocrx_word' id='word_1_240' title='bbox 610 2731 786 2810; x_wconf 69' lang='grc' dir='ltr'>Σπαρτιήτας</span> <span class='ocrx_word' id='word_1_241' title='bbox 800 2733 879 2812; x_wconf 81' lang='grc' dir='ltr'>ἔλεγε</span> <span class='ocrx_word' id='word_1_242' title='bbox 891 2731 968 2793; x_wconf 84' lang='grc' dir='ltr'>τάδε·</span> 
     </span>
     <span class='ocr_line' id='line_1_32' title="bbox 168 2817 969 2901; baseline 0.002 -23"><span class='ocrx_word' id='word_1_243' title='bbox 168 2818 216 2878; x_wconf 83' lang='grc' dir='ltr'>“ὧ</span> <span class='ocrx_word' id='word_1_244' title='bbox 235 2819 456 2898; x_wconf 81' lang='grc' dir='ltr'>Λακεδαιμόνιοι,</span> <span class='ocrx_word' id='word_1_245' title='bbox 480 2819 559 2898; x_wconf 86' lang='grc' dir='ltr'>ὑμεῖς</span> <span class='ocrx_word' id='word_1_246' title='bbox 581 2817 616 2896; x_wconf 82' lang='grc' dir='ltr'>δή</span> <span class='ocrx_word' id='word_1_247' title='bbox 638 2819 759 2901; x_wconf 80' lang='grc' dir='ltr'>λέγεσθε</span> <span class='ocrx_word' id='word_1_248' title='bbox 781 2819 851 2879; x_wconf 75' lang='grc' dir='ltr'>εἶναι</span> <span class='ocrx_word' id='word_1_249' title='bbox 872 2818 969 2897; x_wconf 79' lang='grc' dir='ltr'>ἄνδρες</span> 
     </span>
     <span class='ocr_line' id='line_1_33' title="bbox 166 2905 969 2987; baseline 0.002 -22"><span class='ocrx_word' id='word_1_250' title='bbox 166 2905 278 2984; x_wconf 81' lang='grc' dir='ltr'>άρισποι</span> <span class='ocrx_word' id='word_1_251' title='bbox 290 2906 344 2968; x_wconf 81' lang='grc' dir='ltr'>ὑπὺ</span> <span class='ocrx_word' id='word_1_252' title='bbox 362 2911 418 2968; x_wconf 84' lang='grc' dir='ltr'>τῶν</span> <span class='ocrx_word' id='word_1_253' title='bbox 436 2907 502 2987; x_wconf 82' lang='grc' dir='ltr'>τῇδε</span> <span class='ocrx_word' id='word_1_254' title='bbox 518 2905 676 2984; x_wconf 73' lang='grc' dir='ltr'>ἀνθρώπων,</span> <span class='ocrx_word' id='word_1_255' title='bbox 691 2907 919 2987; x_wconf 78' lang='grc' dir='ltr'>ἐκπαγλεομένων</span> <span class='ocrx_word' id='word_1_256' title='bbox 933 2906 969 2972; x_wconf 77' lang='grc' dir='ltr'>ὥς</span> 
     </span>
     <span class='ocr_line' id='line_1_34' title="bbox 167 2991 968 3076; baseline 0.002 -24"><span class='ocrx_word' id='word_1_257' title='bbox 167 2991 230 3053; x_wconf 76' lang='grc' dir='ltr'>οὔτε</span> <span class='ocrx_word' id='word_1_258' title='bbox 245 2995 362 3076; x_wconf 73' lang='grc' dir='ltr'>φεύγετε</span> <span class='ocrx_word' id='word_1_259' title='bbox 380 2999 410 3053; x_wconf 83' lang='grc' dir='ltr'>έκ</span> <span class='ocrx_word' id='word_1_260' title='bbox 428 2994 556 3071; x_wconf 90' lang='grc' dir='ltr'>πολέμου</span> <span class='ocrx_word' id='word_1_261' title='bbox 573 2992 636 3053; x_wconf 80' lang='grc' dir='ltr'>οὑτε</span> <span class='ocrx_word' id='word_1_262' title='bbox 655 2992 733 3062; x_wconf 81' lang='grc' dir='ltr'>τάξιν</span> <span class='ocrx_word' id='word_1_263' title='bbox 754 2993 903 3064; x_wconf 74' lang='grc' dir='ltr'>ἐκλείπετε,</span> <span class='ocrx_word' id='word_1_264' title='bbox 918 2995 968 3070; x_wconf 88' lang='grc' dir='ltr'>μέ-</span> 
     </span>
     <span class='ocr_line' id='line_1_35' title="bbox 167 3078 967 3156; baseline 0.004 -19"><span class='ocrx_word' id='word_1_265' title='bbox 167 3081 260 3144; x_wconf 90' lang='grc' dir='ltr'>νοντές</span> <span class='ocrx_word' id='word_1_266' title='bbox 271 3081 333 3156; x_wconf 83' lang='grc' dir='ltr'>τεῆ</span> <span class='ocrx_word' id='word_1_267' title='bbox 350 3079 493 3139; x_wconf 78' lang='grc' dir='ltr'>ἀπόλλυτε</span> <span class='ocrx_word' id='word_1_268' title='bbox 512 3078 577 3143; x_wconf 86' lang='grc' dir='ltr'>τοὺς</span> <span class='ocrx_word' id='word_1_269' title='bbox 597 3080 764 3156; x_wconf 82' lang='grc' dir='ltr'>ε’ναντίουςῆ</span> <span class='ocrx_word' id='word_1_270' title='bbox 781 3079 859 3142; x_wconf 85' lang='grc' dir='ltr'>αὑτοὶ</span> <span class='ocrx_word' id='word_1_271' title='bbox 878 3079 967 3141; x_wconf 87' lang='grc' dir='ltr'>άπάλ-</span> 
     </span>
     <span class='ocr_line' id='line_1_36' title="bbox 166 3163 966 3248; baseline 0.005 -26"><span class='ocrx_word' id='word_1_272' title='bbox 166 3167 266 3226; x_wconf 91' lang='grc' dir='ltr'>λυσθε.</span> <span class='ocrx_word' id='word_1_273' title='bbox 306 3171 362 3227; x_wconf 85' lang='grc' dir='ltr'>τῶν</span> <span class='ocrx_word' id='word_1_274' title='bbox 382 3166 405 3224; x_wconf 87' lang='grc' dir='ltr'>δ’</span> <span class='ocrx_word' id='word_1_275' title='bbox 426 3165 468 3243; x_wconf 79' lang='grc' dir='ltr'>ἄρ’</span> <span class='ocrx_word' id='word_1_276' title='bbox 488 3165 524 3242; x_wconf 86' lang='grc' dir='ltr'>ἧν</span> <span class='ocrx_word' id='word_1_277' title='bbox 547 3163 626 3227; x_wconf 76' lang='grc' dir='ltr'>οὑδέν</span> <span class='ocrx_word' id='word_1_278' title='bbox 650 3167 761 3244; x_wconf 76' lang='grc' dir='ltr'>ἀληθές·</span> <span class='ocrx_word' id='word_1_279' title='bbox 783 3169 849 3246; x_wconf 81' lang='grc' dir='ltr'>πρὶν</span> <span class='ocrx_word' id='word_1_280' title='bbox 869 3167 924 3248; x_wconf 82' lang='grc' dir='ltr'>γάρ</span> <span class='ocrx_word' id='word_1_281' title='bbox 947 3168 966 3246; x_wconf 85' lang='grc' dir='ltr'><strong><em>ἢ</em></strong></span> 
     </span>
     <span class='ocr_line' id='line_1_37' title="bbox 166 3251 966 3332; baseline 0.01 -25"><span class='ocrx_word' id='word_1_282' title='bbox 166 3252 304 3328; x_wconf 80' lang='grc' dir='ltr'>συμμίξαι</span> <span class='ocrx_word' id='word_1_283' title='bbox 320 3251 407 3330; x_wconf 86' lang='grc' dir='ltr'>ήμέας</span> <span class='ocrx_word' id='word_1_284' title='bbox 425 3257 452 3316; x_wconf 85' lang='grc' dir='ltr'>ές</span> <span class='ocrx_word' id='word_1_285' title='bbox 470 3255 571 3332; x_wconf 79' lang='grc' dir='ltr'>χειροῖν</span> <span class='ocrx_word' id='word_1_286' title='bbox 587 3277 618 3314; x_wconf 91' lang='grc' dir='ltr'>τε</span> <span class='ocrx_word' id='word_1_287' title='bbox 636 3253 722 3330; x_wconf 87' lang='grc' dir='ltr'>νόμον</span> <span class='ocrx_word' id='word_1_288' title='bbox 739 3253 898 3327; x_wconf 72' lang='grc' dir='ltr'>ἀπικέσθαι,</span> <span class='ocrx_word' id='word_1_289' title='bbox 917 3257 966 3315; x_wconf 82' lang='grc' dir='ltr'>καὶ</span> 
     </span>
    </p>
   </div>
   <div class='ocr_carea' id='block_1_2' title="bbox 0 0 1124 3424">
    <p class='ocr_par' dir='ltr' id='par_1_5' title="bbox 0 0 1124 3424">
     <span class='ocr_line' id='line_1_38' title="bbox 0 0 1124 3424; baseline 0 1"><span class='ocrx_word' id='word_1_290' title='bbox 0 0 1124 3424; x_wconf 95' lang='lat' dir='ltr'> </span> 
     </span>
    </p>
   </div>
  </div>
 </body>
</html>
