2280 3432
192 83 241 132 262
498 79 681 130 ἨΡΟΔΟΤΟΤ
902 79 999 144 [VIII.

191 164 269 223 τοῖσι
288 160 403 241 λόγοισι
422 157 459 220 τά
478 159 545 241 ἐργα
567 157 736 236 τειρόμενον
755 155 849 235 όμοῖα.
889 157 998 235 ταύτην

191 251 244 327 μέν
258 247 310 324 τήν
322 247 429 325 η’μέρην
446 253 473 310 ἐς
490 250 612 308 τοσοῦτο
629 247 744 327 ἐγίνετο·
770 250 821 321 τῆς
839 245 869 305 δέ
887 246 996 316 νυκτός,

195 335 378 398 κελεύσαντος
395 329 534 411 βασιλέος
546 334 597 398 τάς
610 338 678 411 νῆας
691 337 718 393 οἱ
731 333 886 415 στρατηγοὶ
899 340 930 394 ἐκ
943 337 999 395 τού

192 423 325 502 Φαλήρου
352 421 463 504 άτῆγον
483 422 575 483 ὀπίσω
586 425 623 486 ’ἐς
642 422 692 482 τόν
711 415 941 498 Ἑλλήσποντον,’
955 422 997 486 ’ὥς

185 511 291 592 τάχεος
306 509 363 591 εἶχε
378 511 503 586 ἕκαστος,
515 510 743 588 διαφυλαξούσας
752 507 802 573 τάς
811 508 931 588 ’σχεδίας
943 536 997 570 πο·

193 600 325 677 ρευθῆναι
342 599 473 676 βασιλέί.
508 601 568 660 ἐπεὶ
588 599 618 662 δέ
639 597 730 680 α’γχοῦ
749 595 824 675 ἦσαν
844 600 997 674 Ζωστῆρος

192 686 333 751 πλιύοντες
350 691 378 747 οἱ
393 685 548 766 βάρβαροι,
567 686 742 748 ἀνατείνουσι
757 685 813 767 γάρ
831 683 913 760 άκραι
926 688 996 744 λεπ-

142 799 149 848 ,ζ
192 775 239 835 ταὶ
258 778 308 852 τῆς
327 775 452 853 ἠπείρου,
473 774 575 838 ταύτας
595 773 691 844 ἔδοξάν
709 799 741 833 τε
761 777 828 849 νῆας
849 771 925 845 εἶναι,
947 775 997 834 καὶ

193 863 312 944 ἔφευγον
331 863 377 924 ἐπὶ
386 862 510 924 πολλόν·
531 862 622 942 χρόνῳ
635 862 665 921 δέ
677 859 815 938 μαθόντες
827 858 871 921 ὅτι
884 857 917 919 ού
930 863 997 936 νῆες

193 950 247 1012 είεν
257 950 322 1012 ἀλλ’
336 950 427 1029 άκραι,
441 951 645 1030 συλλεχθέντες
657 949 826 1026 ἐκομίζοντο.

147 1041 204 1099 108
245 1038 294 1103 Ὡς
307 1039 337 1098 δέ
349 1038 440 1117 ήμέρη
454 1039 571 1120 ἐγένετο,
585 1037 710 1114 ὁρέοντες
723 1039 750 1096 οἱ
763 1036 903 1112 Ἕλληνες
923 1035 997 1096 κατά

196 1126 290 1206 χύρην
307 1127 427 1203 μένοντα
443 1125 493 1186 τόν
507 1125 629 1202 στρατόν
646 1124 695 1186 τόν
708 1123 801 1196 πεζόν,
814 1122 934 1200 ἤλπιζον
948 1125 996 1184 καὶ

192 1214 243 1279 τός
255 1219 324 1291 νῆας
338 1214 407 1275 εἶναι
416 1214 481 1291 περὶ
490 1212 631 1291 Φάληρον·
646 1212 754 1272 ἐδόκεόν
762 1237 794 1272 τε
803 1211 997 1291 ναυμαχήσειν

194 1304 295 1379 σφέας,
316 1301 505 1381 παραρτέοντό
526 1327 558 1361 τε
582 1301 617 1364 οἷς
640 1299 853 1378 ἀλεξησόμενοι·
882 1300 943 1360 ἐπεὶ
964 1299 996 1360 δέ

194 1389 329 1452 ἐπύθοντο
350 1390 400 1454 τάς
422 1395 490 1466 νῆας
514 1389 665 1468 οἰχωκυίας,
687 1387 786 1448 αύτίκα
811 1387 882 1465 μετά
907 1391 995 1448 ταῦτα

159 1503 165 1514 ·
196 1477 286 1538 ἐδόκεε
304 1476 464 1536 ἐπιδιώκειν·
484 1475 535 1536 τόν
549 1477 601 1553 μέν
619 1501 668 1536 νυν
684 1473 812 1536 ναυτικόν
824 1474 874 1534 τόν
887 1475 995 1552 Ξέρξεω

193 1563 319 1642 στρατόν
333 1561 383 1624 οὐκ
398 1563 506 1623 ἐπεῖδον
524 1563 668 1633 διώξαντες
682 1563 767 1643 μέχρι
778 1560 908 1638 Ἀνδρου,
925 1567 952 1626 ἐς
966 1562 996 1622 δέ

194 1649 371 1729 τήνἊνδρον
381 1649 545 1727 ἀπικόμενοι
555 1650 750 1728 ἐβουλεύοντο.
787 1649 996 1729 Θεμιστοκλέης

194 1739 250 1816 ,μέν
263 1763 311 1800 νυν
323 1737 436 1821 γνιόμην
449 1737 635 1810 ἀπεδείκνυτο,
646 1737 691 1798 διά
702 1736 796 1814 νήσων
807 1736 997 1815 τραπομένους

195 1825 243 1887 καὶ
267 1826 462 1897 ἐπιδιώξαντας
481 1825 532 1891 τὰς
552 1829 620 1903 νῆας
641 1825 745 1886 πλιόειν
773 1825 849 1890 ἰθέως
875 1825 920 1884 ἐπὶ
946 1824 997 1886 τόν

197 1913 422 1993 Ἑλλήσποντον,
438 1914 578 1978 λύσοντας
594 1914 646 1978 τάς
662 1913 797 1997 γεφύρας·
820 1911 997 1990 Εὐρυβιάδης

196 2003 227 2063 δὲ
243 2003 294 2080 τὴν
313 2005 438 2082 ἐναντίην
455 2003 542 2083 ταύτῃ
555 2002 668 2085 γνιύμην
681 2003 794 2075 ἐτίθετο,
810 2001 909 2081 λέγων,
924 1999 997 2064 ιόςεί

197 2090 320 2153 λύσουσι
346 2091 397 2156 τάς
423 2090 545 2171 σχεδίας,
565 2089 640 2151 τοῦτ’
667 2088 701 2150 ἐν
727 2090 863 2171 μέγιστον
888 2086 997 2149 πάντων

196 2183 282 2257 σφεῖς
300 2179 385 2240 κακόν
401 2179 454 2255 τήν
466 2177 593 2238 Ἑλλάδα
612 2177 788 2259 ἐργάσαιντο·
810 2179 834 2236 εἶ
846 2174 901 2257 γάρ
914 2173 998 2258 ἄναγ-

198 2267 316 2343 κασθείη
323 2265 522 2344 ἀπολαμφθεὶς
532 2265 548 2326 ὁ
558 2266 674 2344 Πέρσης
680 2266 773 2343 μένειν
783 2269 812 2325 ἐν
820 2267 857 2342 τῇ
867 2261 997 2342 Εύριύπη,

199 2358 318 2433 πειρῷτο
338 2351 373 2414 ἃν
395 2352 517 2434 ἡσυχίην
537 2354 577 2431 μὴ
600 2351 686 2435 άγειν·
718 2351 754 2417 ὦς
775 2351 871 2434 άγοντι
893 2350 946 2428 μέν
972 2355 998 2411 οἱ

198 2441 327 2521 ἡσυχίην,
355 2440 419 2502 οὔτε
444 2467 472 2502 τι
498 2441 667 2520 προχωρέειν
694 2439 753 2502 οἶόν
779 2465 810 2501 τε
837 2440 918 2500 ἐσται
943 2443 998 2499 τῶν

197 2528 376 2610 πρηγμάτων,
395 2527 458 2590 οὔτε
480 2555 522 2593 τις
544 2528 643 2606 κομιδὴ
664 2527 698 2590 τό
719 2527 812 2590 ὀπίσω
833 2526 997 2604 φανήσεται,

198 2621 273 2698 λιμῷ
299 2618 333 2678 τέ
354 2619 381 2678 οἶ
400 2617 419 2695 ἤ
440 2616 560 2696 στρατιή
581 2615 788 2694 διαφθαρέεται·
817 2615 998 2694 ἐπιχειρέοντι

199 2705 229 2766 δέ
250 2703 322 2785 αι’ντῷ
344 2706 390 2766 καὶ
416 2706 498 2788 ἐργου
520 2704 650 2784 ἐχομένῳ,
672 2703 764 2764 πάντα
786 2702 823 2764 τά
848 2701 919 2762 κατά
946 2701 999 2780 τήν

199 2791 336 2873 Εύριύπην
350 2793 395 2854 οἶά
407 2820 438 2855 τε
451 2794 531 2854 ἐσται
548 2795 753 2870 προσχωρῆσαι
771 2790 842 2852 κατά
854 2789 957 2853 πόλιάς
969 2815 1000 2852 τε

199 2883 247 2944 καὶ
264 2882 335 2944 κατά
351 2883 438 2952 ἐθνεα,
451 2879 514 2956 ἤτοι
531 2878 723 2956 άλισκομένων
736 2904 770 2961 γε
787 2877 806 2956 ἢ
824 2878 879 2955 πρό
900 2876 1000 2939 τούτου

199 2969 417 3052 ὁμολογεόντων·
441 2966 551 3044 τροφήν
571 2992 602 3027 τε
621 2966 691 3036 ἐξειν
708 2968 801 3042 σφέας
813 2967 863 3027 τόν
877 2965 999 3026 ἐπέτειον

153 3079 167 3137 ’ζ
200 3059 254 3118 αἰεὶ
270 3063 325 3120 τῶν
342 3055 487 3132 Ἑλλήνων
504 3053 619 3131 καρπόν·
640 3053 718 3114 άλλά
735 3054 838 3116 δοκέειν
855 3052 910 3135 γάρ
926 3079 999 3131 νικη-

200 3146 284 3208 θέντα
303 3149 339 3224 τῇ
358 3142 498 3220 ναυμαχίη
518 3140 551 3200 ού
570 3142 676 3217 μενέειν
696 3146 726 3203 ἐν
747 3146 783 3220 τῇ
804 3140 924 3219 Εύριύπῃ
951 3141 1001 3204 τόν

201 3231 325 3308 Πέρσεα·
347 3233 441 3289 ἐατέον
458 3227 477 3286 ά
479 3254 494 3288 ν
512 3225 581 3288 εἶναι
597 3227 710 3309 φεύγειν
728 3233 756 3292 ἐς
773 3228 790 3288 ὃ
806 3229 874 3306 ἐλθη
888 3225 996 3308 φεύγων
