2294 3430
151 118 155 126 “
177 103 224 152 182
480 99 663 150 ἨΡΟΔΟΤΟΤ
901 99 977 166 [VII.
1121 131 1129 165 ς

129 183 185 242 153
233 179 281 244 Ἐς
299 178 395 256 δὲτὴν
415 179 546 254 Σικελίην
566 177 652 238 ἄλλοι
667 202 698 238 τε
718 175 838 239 άπίκατο
858 175 977 261 άγγελοι

175 267 231 328 άπδ
247 271 302 327 τῶν
315 265 471 345 συμμάχων
484 266 670 342 συμμίξοντες
688 265 802 334 Γέλωνι,
817 266 863 324 καὶ
881 266 915 342 δή
930 269 977 328 καὶ

174 354 230 415 άπό
246 359 300 415 τῶν
317 353 541 430 Λακεδαιμονίων
558 351 692 433 Σόαγρος.
733 356 784 412 τοῦ
802 352 832 411 δὲ
850 354 977 420 Γέλωνος

174 441 272 502 τούτου
290 441 436 522 πρόγονος,
456 440 572 517 οἰκήτωρ
594 440 646 500 εὀἱν
664 441 762 516 Γέλης,
780 438 816 516 ἦν
834 444 865 500 ε’κ
885 441 976 518 νήσου

174 529 268 604 Τήλου
294 533 345 605 τῆς
371 529 417 587 ἒπὶ
444 529 564 606 Τριοπίῳ
592 527 726 604 κειμένης·
757 526 787 590 ὃς
815 529 977 607 κτιζομένης

174 618 264 693 Γέλης
275 617 330 676 άπό
341 616 458 676 Λινδίων
467 641 498 674 τε
510 618 565 674 τῶν
575 620 605 674 ἔκ
618 614 717 674 Ῥόδου
731 615 777 674 καί
789 614 975 694 Ἀντιφήμου,

175 704 223 763 οὐκ
242 705 368 780 ἐλείφθη·
390 701 444 762 άνά
458 701 561 782 χρόνον
578 702 608 762 δὲ
626 701 713 762 αὐτοῦ
731 705 758 761 οἱ
777 701 913 783 ἀπόγονοι
929 732 975 786 γε·

174 790 283 869 νόμενοι
295 789 441 871 ἱροφάνται
453 794 509 850 τῶν
520 791 638 868 χθονίων
649 790 718 850 θεῶν
728 789 866 849 διετέλεον
874 790 973 866 ε’άντες,

174 882 296 956 Τηλίνεω
314 880 373 943 ἑνός
391 905 438 939 τευ
455 883 510 940 τῶν
527 878 671 959 προγόνων
689 879 866 954 κτησαμένου
880 880 975 964 τρόπῳ

173 970 277 1047 τοιῷδε·
298 974 325 1032 ἐς
345 966 512 1044 Μακτώριον
528 965 613 1024 πόλιν
629 965 680 1041 τήν
700 965 769 1043 όπὲρ
789 967 879 1042 Γέλης
900 971 975 1045 οἰκη-

173 1056 259 1132 μένην
281 1057 386 1136 έφυγον
409 1053 503 1130 ἅνδρες
530 1051 655 1122 Γελίόων,
680 1053 848 1118 ἑσσωθέντες
875 1054 974 1117 στάσι·

172 1142 287 1206 τούτους
300 1142 336 1202 ὧν
349 1140 365 1201 ό
379 1141 498 1217 Τηλίνης
511 1139 651 1220 κατήγαγε
665 1145 692 1202 ἐς
706 1141 806 1216 Γέλην,
819 1142 889 1221 ἔχων
899 1142 974 1204 ου’δε-

172 1231 240 1306 μίαν
266 1230 370 1306 ἀνδρῶν
393 1227 514 1303 δύναμιν
530 1226 595 1286 ἀλλ’
617 1226 663 1304 ἱρά
685 1227 789 1287 τούτων
811 1231 867 1289 τῶν
893 1231 973 1290 θεῶν·

174 1316 237 1378 ὅθεν
257 1318 287 1376 δὲ
310 1315 380 1375 αὐτά
400 1316 487 1390 ἔλαβε
506 1312 525 1390 ἦ
546 1313 628 1377 αότδς
642 1314 798 1391 .ε’κτήσατο,
819 1319 903 1378 τοῦτο
923 1317 974 1378 οὔκ

174 1403 228 1482 έχιο
249 1407 342 1464 εἰπεῖν·
370 1398 494 1461 τούτοισι
514 1399 537 1459 δ’
553 1400 595 1462 Ᾰῶν
614 1402 731 1465 πίσυνος
751 1403 810 1474 εὐὶν,
826 1405 973 1488 ,κατήγαγε

175 1489 217 1550 ἐπ’
238 1489 259 1570 ᾧ
282 1514 314 1550 τε
338 1491 364 1548 οἱ
387 1486 520 1567 α’πόγονοι
543 1486 628 1547 αὖτοῦ
653 1488 801 1565 ἱροφάνται
824 1495 879 1552 τῶν
903 1494 974 1555 θεῶν
989 1554 992 1570 ,
1005 1545 1019 1552 .,
1060 1539 1070 1545 .

175 1577 297 1656 ἔσονται,
307 1579 321 1608 f
327 1574 415 1651 θῶμά
434 1600 483 1650 μοι
503 1573 539 1634 ὧν
560 1575 605 1632 καὶ
625 1579 708 1635 τοῦτο
728 1578 826 1658 γέγονε
847 1579 917 1658 πρός
936 1585 974 1642 τοὶ
1001 1573 1069 1650 [λεί

173 1663 347 1740 πυνθάνομαι
361 1660 588 1743 κατεργάσασθαι
601 1662 722 1738 Τηλίνην
733 1665 814 1746 ἔργον
824 1672 972 1730 τοσοῦτον·
1007 1683 1052 1692 ”““

173 1750 209 1812 τά
229 1754 344 1812 τοιαῦτα
363 1748 418 1831 γάρ
439 1749 506 1829 ἔργα
527 1747 559 1808 οὔ
576 1749 646 1826 πρός
664 1755 715 1810 τοῦ
732 1750 855 1818 ἅπαντος
873 1753 973 1834 άνδρός

174 1839 303 1917 νενόμικα
318 1837 454 1921 γίνεσθαι,
468 1835 545 1896 άλλά
561 1835 630 1914 πρός
648 1842 740 1917 ψυχῆς
754 1865 785 1899 τε
803 1839 911 1922 άγαθῆς
926 1845 973 1904 καὶ

172 1926 266 2005 ῥάμης
279 1924 415 2004 άνδρηὶης·
432 1922 448 1984 ό
462 1924 492 1983 δὲ
504 1925 616 2006 λέγεται
628 1925 698 2002 πρός
711 1929 762 2002 τῆς
775 1929 905 2006 Σικελίης
917 1935 973 1992 τῶν

174 2014 321 2092 οἰκητόρων
331 2014 366 2074 τά
379 2012 527 2074 άπεναντία
535 2012 647 2083 τούτων,
657 2016 810 2089 πεφυκέναι
822 2017 973 2095 θηλυδρίης

172 2127 203 2162 τε
224 2104 269 2162 καί
288 2101 484 2180 μαλακώτερος
504 2099 583 2176 α’νήρ·
604 2099 674 2160 οὕτω
694 2101 746 2177 μέν
765 2129 814 2163 νυν
834 2104 973 2180 ἐκτήσατο

127 2187 184 2248 154
193 2194 277 2249 τοῦτο
292 2189 325 2250 τά
342 2190 433 2268 γέρας·
455 2187 617 2265 Κλεάνδρου
633 2189 662 2248 δὲ
678 2192 728 2248 τοῦ
749 2189 911 2268 Παντάρεος
930 2217 972 2254 τε-

173 2275 360 2352 λευτήσαντος
382 2273 432 2334 τόν
454 2275 529 2350 βίον,
553 2274 584 2338 ὃς
606 2275 784 2354 ἐτυράννευσε
806 2278 859 2353 μὲν
883 2280 974 2358 Γέλης

174 2361 243 2421 έπτά
257 2364 318 2422 ἔτεα
331 2361 451 2422 άπέθανε
461 2361 490 2419 δὲ
499 2360 555 2421 ὑπό
569 2362 725 2439 Σαβύλλου
736 2362 837 2440 άνδρός
850 2365 971 2434 Γελάου,

174 2450 291 2509 ἐνθαῦτα
311 2447 505 2525 ἀναλαμβάνει
521 2449 573 2525 τήν
590 2451 761 2529 μουναρχίην
775 2449 971 2532 Ἱπποκράτης,

175 2535 336 2614 Κλεάνδρου
357 2535 407 2596 έιιίν
427 2534 574 2612 ἀδελφεός·
594 2537 705 2616 ἔχοντος
725 2537 755 2596 δὲ
773 2537 973 2616 Ἱπποκράτεος

173 2623 224 2699 τήν
236 2623 390 2702 τυραννιδα,
405 2621 420 2683 ό
436 2622 538 2694 Γέλων,
552 2623 738 2700 εἰὶνιΤηλίνεω
754 2628 804 2684 τοῦ
819 2628 973 2702 ἱροφάντεω

173 2707 319 2790 ἀπόγονος,
332 2713 448 2771 πολλῶν
463 2710 522 2787 μετ’
536 2709 631 2770 ἄλλων
649 2711 695 2770 καὶ
712 2712 904 2790 Αἰνησιδήμου
922 2719 973 2775 τοῦ

175 2802 318 2858 Παταὶκοῦ
327 2798 358 2862 ὃς
367 2796 402 2876 ἦν
412 2797 566 2874 δορυφόρος
577 2795 775 2873 Ἱπποκράτεος
787 2843 889 2860 ·····
900 2802 973 2879 μετά

174 2883 204 2943 δὲ
217 2884 249 2945 οὗ
264 2885 374 2946 πολλόν
386 2883 487 2964 χρόνον
501 2883 533 2942 δι’
547 2883 647 2961 ἀρετήν
660 2881 801 2963 άπεδέχθη
814 2886 909 2964 πάσης
922 2893 974 2965 τῆς

175 2970 261 3033 ἵππου
285 2973 353 3032 εἰναι
376 2971 524 3049 ἵππαρχος.
565 2969 778 3048 πολιορκέοντος
800 2972 856 3054 γάρ
877 2973 972 3035 Ἱππο-

174 3059 287 3134 κράτεος
314 3057 529 3120 Καλλιπολίτας
553 3083 585 3118 τε
607 3058 651 3116 καὶ
675 3057 805 3129 Ναξίους,
831 3060 876 3118 καὶ
900 3067 972 3144 Ζαγ-
1126 3101 1131 3152 4

174 3147 286 3212 κλαίους
306 3173 337 3208 τε
357 3145 403 3206 καὶ
419 3144 588 3217 Λεοντίνους,
605 3145 650 3202 καὶ
669 3143 746 3221 πρός,
766 3146 972 3222 Συρηκουσίους

173 3254 204 3288 τε
228 3234 274 3292 καί
296 3239 350 3294 τῶν
372 3229 528 3308 βαρβάρων
548 3230 677 3309 συχνοιὶς,
698 3229 768 3306 άνήρ
789 3233 919 3306 ἰφαίνετο
943 3241 972 3294 ἒν
