2204 3430
148 131 258 199 73-76]
459 130 662 181 ΤΕΡΨῙΧΟΡΗ.
671 126 676 134 ¹
921 135 952 182 33

147 215 199 287 μὲν
223 211 257 288 δή
276 210 446 276 ἀπελθόντες
467 215 495 275 ἐς
517 211 569 290 τήν
590 215 703 286 έωυτῶν,
718 213 807 276 αἰτίας
826 211 953 293 μεγάλας

149 300 231 380 εἶχον.

188 389 351 466 Κλεομένης
378 389 407 448 δέ
435 389 620 466 ἐπιστάμενος
646 387 849 465 περιῦβρίσθαι
871 389 999 450 ἐπεσι74

148 476 194 535 καὶ
207 477 315 559 ἔργοισι
334 475 381 536 ὑπ’
400 476 564 553 Ἀθηναίων,
579 478 713 558 συνέλεγε
734 481 764 535 ἐκ
784 475 880 551 πάσης
894 483 949 536 Πε-

146 564 326 641 λοποννήσου
351 565 482 642 στρατόν,
507 565 539 624 οὗ
563 565 675 643 φράζων
700 569 727 627 ἐς
748 563 782 624 τό
804 566 949 644 συλλέγει,

146 653 286 713 τίσασθαί
302 679 334 714 τε
355 653 458 713 ἐθέλων
478 652 528 712 τόν
545 653 634 730 δῆμον
650 657 704 713 τῶν
724 651 885 728 Ἀθηναίων,
900 653 947 712 καὶ

125 767 129 775 ·
146 738 298 822 Ἰσαγόρην
311 741 487 818 βουλόμενος
502 739 636 818 τύραννον
651 745 839 816 καταστῆσαι·
853 742 947 811 συνεξ-

146 830 218 903 ῆλθε
237 829 292 909 γάρ
311 833 337 888 οἱ
355 827 436 892 οὗτος
455 833 485 888 ἐκ
499 833 549 904 τῆς
563 829 743 906 ἀκροπόλιος.
784 829 949 906 Κλεομένης

146 941 177 974 τε
193 914 227 991 δή
246 916 342 994 στόλῳ
360 915 474 996 μεγάλῳ
493 917 617 991 ἐσέβαλε
634 921 662 978 ἐς
677 913 836 984 Ἐλευσῖνα,
851 917 897 975 καὶ
918 920 945 976 οἱ

147 1003 266 1062 Βοιωτοὶ
279 1003 335 1062 οἶπδ
349 1001 527 1079 συνθήματος
537 1002 639 1078 Οἰνόην
648 1003 774 1078 αἱρέουσι
785 1003 830 1059 καὶ
839 1001 946 1073 Ὑσιάς,

147 1089 252 1166 δήμους
270 1091 336 1154 τους
356 1091 492 1170 ἐσχάτους
513 1094 563 1166 τῆς
581 1089 719 1165 Ἀττικῆς·
744 1089 897 1152 Χαλκιδέες
916 1117 948 1150 τε

148 1180 194 1237 ἐπὶ
213 1178 249 1238 τά
269 1180 348 1256 ἔτερα
368 1180 493 1240 ἐσίνοντο
512 1178 634 1241 ἐπιόντες
653 1177 782 1259 [χώρους]
800 1181 851 1254 τῆς
866 1175 954 1237 Ἀττι-

148 1270 206 1342 κῆς.
233 1265 376 1344 Ἀθηναῖοι
390 1268 427 1339 δέ,
442 1268 541 1346 καίπερ
555 1265 720 1344 ἀμφιβολίῃ
732 1265 868 1344 ἐχόμενοι,
884 1272 947 1325 Βοι-

147 1359 223 1415 ωτῶν
234 1359 286 1432 μὲν
296 1356 342 1416 καὶ
352 1357 515 1416 Χαλκιδέων
529 1360 556 1419 ἐς
569 1355 687 1432 ὕστερον
701 1355 821 1430 ἔμελλον
834 1353 947 1432 μνήμην

146 1442 326 1520 ποιήσεσθαι·
341 1443 603 1520 Πελοποννησίοισι
613 1443 650 1512 δὲ,
663 1445 740 1502 ἐοῦσι
755 1447 784 1504 ἐν
793 1441 945 1514 Ἐλευσῖνι,

147 1530 226 1591 α’ντία
240 1534 332 1593 ἔθεντο
345 1533 381 1592 τά
395 1533 481 1593 ὅπλα.
524 1530 696 1601 Μελλόντων
716 1531 745 1590 δὲ
761 1531 897 1610 συνάψειν
909 1531 945 1592 ποῖ
955 1533 992 1593 75

147 1619 324 1698 στρατόπεδα
337 1626 364 1684 ἐς
377 1621 481 1700 μάχην,
493 1622 639 1698 Κορίνθιοι
651 1621 703 1696 μὲν
713 1623 819 1696 πρῶτοι
827 1621 884 1697 σφὶ
898 1619 945 1679 αὖ·

145 1711 221 1766 τοῖσι
235 1707 327 1772 δόντες
337 1708 425 1790 λόγον
440 1708 475 1772 ὦς
488 1707 521 1767 οὗ
534 1711 641 1768 ποιοῖεν
650 1706 686 1768 τοὶ
697 1707 796 1779 δίκαια,
805 1707 961 1786 μετεβάλ··

145 1795 231 1855 λοντό
242 1821 273 1855 τε
288 1795 333 1854 καὶ
349 1795 584 1864 ἀπαλλάσσοντο·
605 1795 677 1872 μετά
696 1795 733 1866 δέ,
748 1795 917 1874 Δημάρητος
930 1796 945 1856 ό

145 1878 320 1958 Ἀρίστωνος,
339 1883 389 1942 ἐών
411 1884 457 1941 καὶ
479 1881 560 1946 οὗτος
580 1881 722 1959 βασιλεῦς
741 1885 944 1958 Σπαρτιητέων,

145 1971 191 2028 καὶ
207 1969 403 2050 συνεξαγαγών
423 1995 454 2028 τε
469 1969 521 2043 τήν
539 1968 674 2046 στρατιήν
693 1973 722 2026 ἐκ
739 1969 946 2046 Λακεδαίμονος

146 2056 192 2115 καὶ
205 2055 255 2114 οὐκ
270 2055 320 2114 ἐών
333 2055 468 2133 διάφορος
481 2060 510 2114 ἐν
522 2059 560 2134 τῷ
572 2054 699 2133 πρόσθεν
714 2055 805 2136 χρόνῳ
818 2058 946 2134 Κλεομέ·

146 2149 195 2201 νεῖ·
218 2141 285 2222 (α’πδ
300 2143 329 2201 δὲ
341 2141 443 2220 ταύτης
455 2147 506 2219 τῆς
519 2143 703 2222 διχοστασίης
716 2145 796 2221 ἐτέθη
810 2143 896 2222 νόμος
916 2151 945 2208 ἐν

145 2228 270 2311 Σπάρτῃ,
283 2231 324 2310 μή
339 2231 438 2302 ἐξεῖναι
453 2233 571 2294 ἔπεσθαι
592 2231 768 2312 α’μφοτέρους
780 2233 845 2297 τοδς
857 2236 942 2312 βασι-

143 2323 216 2396 λῆας
234 2319 362 2398 ἐξιούσης
383 2325 433 2398 τῆς
455 2326 598 2400 στρατιῆς·
622 2323 689 2386 τέως
709 2303 763 2404 γάή)
785 2323 942 2402 ἀμφότεροι

144 2409 265 2469 εἵποντο·
287 2411 502 2488 παραλυομένου
516 2410 545 2470 δέ
557 2409 662 2471 τούτων
677 2415 728 2471 τοῦ
745 2412 847 2488 ἐτέρου,
862 2439 943 2474 κατα-

143 2497 293 2558 λείπεσθαι
306 2499 352 2558 καὶ
365 2503 420 2558 τῶν
433 2499 618 2576 Τυνδαριδέων
631 2497 680 2558 τόν
697 2499 800 2576 ἕτερον·
821 2501 876 2578 πρό
892 2503 943 2561 τοῦ

142 2583 197 2664 γάρ
211 2584 246 2662 δή
265 2586 311 2645 καὶ
327 2584 403 2646 οὗτοι
422 2585 587 2664 ἀμφότεροι,
601 2587 749 2663 ἐπίκλητοί
767 2593 823 2664 σφι
841 2589 939 2660 ἐόντες,

143 2671 275 2754 εἴποντο·)
296 2673 360 2735 τότε
374 2673 408 2750 δή
423 2679 452 2734 ἐν
464 2678 501 2752 τῇ
513 2673 656 2734 Ἐλευσῖνι
664 2674 793 2751 όρέωντες
804 2679 831 2735 οἱ
844 2677 941 2737 λοιποὶ

142 2762 197 2818 τῶν
211 2761 367 2840 συμμάχων
380 2761 445 2824 τούς
456 2785 487 2821 τε
497 2764 644 2839 βασιλῆας
652 2768 707 2823 τῶν
717 2763 941 2842 Λακεδαιμονίων

143 2844 193 2905 οὐκ
221 2845 426 2928 ὁμολογέοντας
453 2850 499 2908 καὶ
520 2851 685 2928 Κορινθίους
707 2851 870 2914 ἐκλιπόντας
890 2851 942 2926 τήν

142 2931 230 3004 τάξιν,
245 2935 356 3012 οἴχοντο
371 2935 416 2995 καὶ
434 2935 513 2996 αὐτοὶ
533 2936 799 3016 ἀπαλλασσόμενοι.
840 2938 940 3011 Τέταρ-
950 2937 988 2996 76

141 3047 191 3082 τον
207 3021 242 3098 δή
260 3027 344 3082 τοῦτο
360 3025 406 3084 ἐπὶ
423 3025 475 3102 τήν
487 3023 619 3101 Ἀττικήν
636 3025 800 3100 ἀπικόμενοι
816 3022 942 3096 Δωριέες,

141 3115 182 3184 δίς
194 3145 226 3180 τε
238 3119 285 3179 ἐπὶ
298 3120 414 3200 πολέμῳ
427 3119 600 3196 ἐσβαλόντες
613 3120 659 3179 καὶ
673 3120 713 3182 δὶς
727 3116 769 3176 ἐπ’
783 3115 879 3193 οἷγαθῷ
891 3115 942 3168 τοῦ

140 3208 265 3286 πλήθεος
286 3212 337 3270 τοῦ
355 3206 517 3284 Ἀθηναίων·
541 3213 651 3286 πρῶτον
672 3208 740 3282 μέν,
753 3201 799 3260 ὅτε
821 3197 867 3267 ,Καὶ
882 3197 940 3254 Μέ·

139 3322 214 3379 γαμα
228 3299 402 3362 κατοίκισαν·
417 3295 509 3374 (οὗτος
522 3295 539 3357 ό
553 3293 667 3362 στόλος,
677 3291 722 3350 ἐπὶ
731 3285 843 3359 Κόδρου
856 3283 941 3356 βασι-
