2294 3430
153 89 200 137 114
468 85 651 136 Ἦιυαοτοτ
888 83 948 149 [vl.

153 165 226 226 αἴτεε
240 165 338 226 ἐκατδν
350 163 483 234 τάλαντα,
498 164 562 240 φᾶς,
575 162 611 240 ἢν
623 165 665 241 μή
678 167 706 225 οἱ
717 164 796 236 διῦσι,
809 164 860 226 οὐκ
880 163 949 225 άπα-

152 252 305 328 ναστήσειν
320 253 372 329 τήν
393 251 528 330 στρατιήν
547 253 613 330 πρὶν
625 250 644 328 ή
658 252 741 330 ἐξέλῃ
758 253 859 328 σφέας·
881 256 908 313 οῖ
922 254 951 312 δὲ

154 340 256 416 Πάριοι
282 339 350 402 ὅκως
373 341 424 416 μέν
447 365 476 399 τι
502 338 627 398 διόσουσι
650 339 793 418 Μιλτιάδῃ
820 339 951 421 ἀργυρίου

154 426 216 486 οὐδὲ
230 427 390 486 διενοεῦντο·
412 429 438 486 οῖ
452 427 482 485 δέ
498 426 566 490 ὅκως
582 426 788 502 διαφυλάξουσι
801 426 854 502 τήν
866 429 951 488 πόλιν

153 517 235 573 τοῦτο
257 518 442 592 ἐμηχανῶντο,
464 512 541 573 ἅλλα
561 539 593 573 τε
614 513 830 592 ἐπιφραζόμενοι
851 515 897 573 καὶ
915 543 950 595 τη

153 600 281 677 μάλιστα
295 602 359 660 ἐσκε
373 600 505 660 ἑκάστοτε
519 602 657 680 ἐπίμαχον
675 605 725 661 τοῦ
741 602 854 679 τείχεος,
867 607 951 662 τοῦτο

108 689 165 746 134
174 686 232 765 ἅμα
245 688 322 748 νυκτὶ
336 688 448 766 ἐξήρετο
462 687 614 763 διπλήσιον
626 692 676 764 τοῦ
689 687 817 766 ἀρχαίου.
845 687 894 752 Ἐς
899 693 951 765 μὲν

154 775 188 850 δή
208 781 329 836 τοσοῦτο
349 781 399 836 τοῦ
419 775 507 857 λόγου
523 779 549 835 οἱ
562 776 662 839 πάντες
671 775 810 852 Ἕλληνες
822 777 949 857 λέγουσι·

153 861 187 922 τό
203 864 326 924 ἐνθεῦτεν
342 863 371 923 δέ
385 863 464 922 αὐτοὶ
477 861 580 939 Πάριοι
599 864 730 944 γενέσθαι
750 861 802 922 ὦδε
822 865 949 944 λέγουσι·

154 950 297 1029 Μιλτιάδῃ
318 950 465 1028 ἀπορέοντι
486 950 578 1009 ἐλθεῖν
600 956 627 1013 ἐς
647 950 749 1031 λόγους
772 952 951 1029 αἰχμάλωτον

153 1041 278 1116 γυναῖκα,
301 1043 403 1098 ἐοῦσαν
426 1041 477 1115 μέν
499 1038 610 1114 Παρίην
631 1038 718 1118 γένος,
742 1037 847 1114 οὔνομα
871 1039 902 1098 δέ
924 1044 950 1099 οἶ

155 1123 223 1183 εἶναι
233 1129 347 1200 Τιμοῦν·
369 1126 438 1185 εἶναι
448 1125 478 1184 δέ
489 1123 661 1200 ῦποζάκορον
673 1129 728 1185 τιῦν
740 1125 858 1204 χθονίων
871 1127 949 1186 θεῶν·

153 1211 255 1288 ταύτην
274 1213 303 1272 δὲ
322 1214 461 1274 ἐλθοῦσαν
475 1218 503 1275 ἐς
515 1212 581 1290 όψιν
594 1210 754 1272 Μιλτιάδεω
773 1214 950 1288 συμβουλεῦ-

155 1299 207 1358 σαί
219 1303 253 1369 οῖ,
269 1304 292 1358 εἰ
304 1301 368 1376 περὶ
381 1303 492 1358 πολλοῦ
510 1300 633 1358 ποιέεται
646 1298 745 1374 Πάρον
763 1301 844 1368 ἐλεῖν,
863 1299 899 1358 τό
916 1298 950 1359 ἂν

154 1384 225 1460 αὐτή
239 1385 377 1460 ῦποθῆται
390 1389 477 1444 ταῦτα
490 1386 601 1446 ποιέειν·
622 1385 693 1462 μετά
708 1386 744 1456 δὲ,
755 1385 807 1460 τήν
819 1388 871 1461 μὲν
883 1385 948 1445 ῦπο-

155 1473 264 1542 θέσθαι,
277 1473 327 1532 τόν
340 1473 369 1530 δέ
383 1471 550 1548 ἀπικόμενον
563 1473 608 1531 ἐπὶ
621 1472 672 1532 τόν
685 1473 806 1532 κολωνόν
826 1472 875 1532 τόν
894 1473 948 1550 πρδ

155 1563 204 1633 τῆς
225 1559 325 1621 πόλιος
346 1558 426 1619 ἐόντα
448 1558 481 1618 τό
501 1560 579 1636 ἕρκος
598 1559 780 1636 θεσμοφόρου
801 1559 950 1636 Δήμητρος

157 1645 340 1722 ὑπερθορέειν,
355 1645 387 1706 οῦ
408 1646 557 1723 δυνάμενον
571 1646 622 1711 τός
636 1647 719 1724 θόρας
732 1647 848 1716 ἀνοῖξαι·
868 1647 949 1725 ῦπερ·

156 1732 275 1810 θορόντα
287 1733 317 1793 δὲ
331 1736 398 1794 ἰέναι
413 1735 457 1794 ἐπὶ
470 1734 503 1794 τό
516 1735 640 1816 μέγαρον
658 1734 674 1795 ό
693 1761 721 1794 τι
738 1735 774 1810 δή
794 1734 949 1810 ποιήσοντα

155 1819 239 1891 ἐντός,
254 1822 308 1882 εἴτε
328 1821 478 1898 κινήσοντά
496 1848 524 1882 τι
542 1827 598 1883 ’τιῦν
618 1822 751 1898 ἀκινήτων
764 1823 819 1882 εἴτε
831 1821 847 1882 ὅ
860 1847 888 1882 τι
901 1821 946 1897 δή·

154 1934 223 1969 ποτε
237 1909 387 1986 πρήξοντα·
408 1909 479 1987 πρός
496 1914 564 1990 τῇσι
578 1909 682 1990 θύρῃσί
698 1935 730 1969 τε
749 1910 887 1991 γενέσθαι,
902 1910 947 1966 καὶ

154 1995 275 2072 πρόκατε
288 1999 388 2076 φρίκης
401 1997 485 2058 αῦτδν
497 1998 682 2074 ῦπελθοῦοης,
694 1998 785 2057 όπίσω
797 1997 849 2072 τήν
861 1995 947 2070 αὐτήν

153 2082 220 2144 όδδν
240 2085 341 2146 ἵεσθαι·
369 2086 601 2162 καταθρώσκοντα
622 2085 651 2144 δέ
672 2085 725 2160 τήν
742 2084 876 2160 αἱμασιὴν
897 2083 947 2144 τόν

153 2171 243 2248 μηρόν
255 2174 429 2247 σπασθῆναι·
451 2175 477 2231 οἱ
490 2173 520 2232 δέ
533 2173 616 2233 αὐτόν
628 2171 662 2232 τό
675 2171 743 2253 γόνυ
753 2175 947 2248 προσπταῖσαι

109 2259 164 2316 135
176 2259 303 2338 λέγουσι.
344 2259 502 2334 Μιλτιάδης
519 2261 571 2335 μέν
592 2285 640 2320 νυν
658 2258 790 2335 φλαύρως
807 2261 876 2336 ἔχων
895 2258 946 2318 άπ-

56 2341 60 2348 ’
154 2343 237 2403 έπλεε
257 2344 356 2415 ὀπίσω,
370 2345 434 2405 οὔτε
451 2345 583 2424 χρήματα
600 2345 774 2421 Ἀθηναίοισι
794 2345 869 2431 άγων
886 2346 949 2406 οὔτε

155 2430 254 2508 Πάρον
275 2432 533 2510 προσκτησάμενος,
556 2433 633 2493 άλλιέ
655 2433 848 2510 πολιορκήσας
868 2459 899 2494 τε
920 2434 951 2504 ἐξ

155 2517 201 2575 καὶ
219 2518 309 2576 εἴκοσι
325 2517 430 2596 ἡμέρας
447 2519 492 2577 καὶ
511 2519 631 2596 δηῖόσας
643 2520 805 2596 τήννῆσον.
847 2519 950 2596 Πάριοι

154 2602 184 2663 δέ
203 2604 355 2681 πυθόμενοι
373 2605 408 2670 ὥς
420 2606 439 2682 ἡ
452 2605 624 2684 ὑποζάκορος
635 2611 690 2667 τιῦν
704 2608 773 2668 θεοῖν
786 2607 863 2683 Τιμιδ
876 2611 951 2666 Μιλ-

153 2689 233 2770 τιάδῃ
262 2693 450 2774 κατηγήσατο,
477 2694 652 2772 βουλόμενοί
677 2719 726 2770 μιν
757 2693 819 2754 α’ντῖ
848 2693 952 2754 τούτων

153 2777 376 2856 τιμωρήσασθαι,
399 2781 571 2858 θεοπρόπους
593 2781 736 2858 πέμπουσι
761 2786 788 2845 ἐς
810 2781 952 2857 Δελφοῖς,

155 2865 190 2929 ὥς
210 2873 302 2944 σφεας
321 2867 427 2948 ήσυχίη
440 2873 490 2945 τῆς
503 2869 666 2945 πολιορκίης
680 2869 756 2946 ἔσχε·
778 2869 903 2945 ἔπεμπον
922 2867 952 2927 δέ

155 2949 388 3032 ἐπειρησομένους
410 2961 434 3015 εἰ
458 2954 682 3032 καταχρήσονται
704 2954 755 3029 τήν
780 2954 953 3032 ὑποζάκορον

153 3044 208 3100 τῶν
238 3043 308 3103 θεαῖν
338 3041 373 3106 οῖς
402 3042 614 3122 ἐξηγησαμένην
642 3045 719 3100 τοῖσι
748 3043 876 3120 ἐχθροῖσι
901 3046 952 3116 τῆς

154 3127 287 3204 πατριδος
307 3129 423 3199 ἅλωσιν,
446 3129 491 3187 καὶ
513 3127 548 3187 τά
571 3133 598 3190 ἐς
620 3128 719 3203 ἐρσενα
741 3128 826 3209 γόνον
845 3126 951 3203 ἄρρητα

157 3211 202 3270 ’ά
215 3215 378 3294 ἐκφήνασαν
388 3214 541 3293 Μιλτιάδη·
562 3213 580 3289 ή
594 3215 623 3273 δέ
634 3215 728 3290 Πυθίη
742 3213 791 3274 οῦκ
805 3215 843 3286 ἐα,
859 3217 951 3285 Φᾶσᾱι
