2204 3430
667 8 672 26 .

167 78 200 125 ιο
471 72 655 146 Ἧυοοουοτ
921 71 968 137 [ιι.

168 154 297 231 βασιλέα
317 152 442 230 πόλεμον
462 151 654 222 ἐσκευάζοντο.
694 150 858 214 πλώσαντες
884 151 914 210 δὲ
942 155 970 217 ἐς

168 243 217 303 τόν
230 241 453 318 Ἑλλήσποντον,
465 239 616 311 Βυζάντιόν
628 265 659 300 τε
672 239 718 298 καὶ
727 238 777 301 τάς
785 238 876 303 ὅλλας
886 239 971 304 πόλις

170 331 283 393 οἷπόσας
296 330 345 394 τὰς
358 329 445 408 ταύτῃ
460 328 506 388 ὑπ’
520 331 647 388 ἑωυτοῖσι
663 326 841 402 ἐποιήσαντο·
863 326 970 388 ε’κπλά-

170 419 271 482 σαντές
287 445 318 478 τε
334 418 384 488 ἔξω
404 417 453 478 τόν
468 416 691 492 Ἑλλήσποντον,
710 415 818 492 Καρίης
830 415 883 491 τήν
898 421 971 477 πολ-

170 506 225 583 λήν
237 504 469 584 προσεκτήσαντο
482 505 571 582 σφίσι
588 502 740 583 σύμμαχον
755 502 833 563 εἶναι·
855 504 970 584 καὶγὰρ

169 595 222 671 τήν
243 598 355 654 Καῦνον
374 593 510 671 πρότερον
530 592 562 652 οὔ
582 593 760 668 βουλομένην
787 593 969 670 συμμαχέειν,

171 682 206 746 ὦς
227 685 382 760 ἐνέπρησαν
402 680 452 746 τοὶς
467 681 567 758 Σάρδις
583 681 647 741 τότε
663 686 719 756 σφι
738 679 784 738 καὶ
798 677 867 756 αὕτη
880 705 970 756 προσ-

124 773 182 830 104
192 772 308 852 εγένετο.
351 769 472 847 Κύπριοι
492 770 522 828 δὲ
543 768 688 830 ε’θέλονταί
699 773 755 843 σφι
768 766 869 830 πάντες
881 794 970 844 προσ-

171 860 306 940 εγένοντο,
325 858 401 934 πλὴν
420 857 624 934 Ἀμαθουσίων.
666 853 831 931 ἀπέστησαν
852 855 907 936 γάρ
924 856 971 914 καὶ

170 944 246 1008 οὗτοι
261 945 312 1006 ὧδε
325 946 381 1007 άπδ
394 946 507 1022 Μήδων·
521 944 556 1021 ἦν
569 943 721 1021 Ὀνήσιλος
734 943 843 1025 Γόργου
856 946 907 1020 μὲν
919 947 970 1003 τοῦ

140 1102 144 1109 ,
173 1037 349 1112 Σαλαμινίων
369 1034 508 1112 βασιλέος
528 1032 666 1108 ἀδελφεός
685 1030 823 1109 νεώτερος,
847 1031 971 1108 Χέρσιος

171 1123 200 1182 δὲ
219 1129 270 1184 τοῦ
291 1122 419 1201 Σιράμου
437 1126 487 1181 τοῦ
507 1119 681 1183 Εὐέλθοντος
700 1119 779 1182 ποίῖςἸ
797 1117 877 1183 οὗτος
896 1119 970 1196 ὦνὴρ

170 1210 309 1274 πολλάκις
321 1213 372 1287 μέν
385 1209 432 1270 καὶ
445 1208 580 1285 πρότερον
591 1207 641 1268 τόν
654 1208 762 1289 Γόργον
779 1208 970 1288 παρηγορέετο

171 1298 349 1366 ἀπίστασθαι
371 1297 427 1357 α’πδ
449 1296 597 1372 βασιλέος·
627 1295 692 1356 τότε
719 1295 750 1366 δ’,
773 1295 808 1358 ὥς
834 1295 880 1355 καὶ
905 1296 971 1360 τοῦς

166 1384 264 1449 Ἴωνας
282 1385 398 1445 ἐπύθετο
412 1383 575 1454 άπεστάνοι,
588 1383 683 1465 πάγχυ
697 1385 865 1460 ἐπικείμενος
878 1387 969 1467 ε’νῆγε·

124 1535 127 1539 ,
172 1473 207 1537 οἷς
227 1473 257 1532 δὲ
276 1471 326 1532 οὐκ
345 1473 436 1532 ἔπειθε
453 1469 502 1532 τόν
517 1466 636 1552 Γόργον,
648 1471 765 1532 ε’νθαῦτά
780 1497 828 1548 μιν
842 1472 971 1548 φυλάξας

173 1560 323 1631 ἐξελθόντα
340 1560 373 1621 τδ
391 1559 463 1620 άστυ
475 1558 509 1620 τό
528 1560 703 1638 Σαλαμινίων
717 1558 733 1619 ό
746 1558 898 1635 Ὀνήσιλος
910 1559 970 1638 ἅμα

173 1652 251 1709 τοῖσι
271 1651 371 1708 ἑωυτοῦ
389 1645 576 1726 στασιώτῃσι,
598 1646 753 1723 α’πεκλήῖσε
772 1651 828 1707 τῶν
850 1648 969 1709 πυλέων.

174 1736 281 1819 Γόργος
290 1739 342 1812 μὲν
355 1735 388 1812 δὴ
402 1735 545 1813 στερηθεὶς
564 1739 614 1811 τῆς
631 1733 730 1798 πόλιος
748 1736 847 1816 ἔφευγε
864 1741 891 1799 ἐς
906 1737 969 1812 Μή-

174 1825 245 1895 δους,
267 1823 417 1902 Ὀνήσιλος
438 1824 467 1883 δὲ
494 1822 564 1903 ἦρχε
586 1824 754 1900 Σαλαμῖνος,
778 1824 824 1882 καὶ
844 1822 970 1885 άνέπειθε

135 1957 138 1967 ι
172 1912 277 1977 πάντας
307 1913 450 1990 Κυπρίους
476 1911 715 1972 συναπίστασθαι.
768 1911 832 1976 τούς
857 1915 909 1989 μὲν
934 1914 969 1990 δή

171 2001 277 2067 ἄλλους
297 2000 436 2062 άνέπεισε·
460 1999 666 2076 Ἀμαθουσίους
684 1999 713 2060 δὲ
731 1999 763 2059 οὗ
778 2001 970 2078 βουλομένους

172 2095 199 2151 οἱ
211 2091 359 2151 πείθεσθαι
372 2088 534 2165 ἐπολιόρκεε
547 2086 785 2164 προσκατήμενος.

126 2180 183 2239 105
223 2178 375 2254 Ὀνήσιλος
388 2178 500 2253 μέννυν
517 2174 676 2252 ἐπολιόρκεε
688 2175 874 2252 Ἀμαθοῦντα.
915 2178 970 2254 βα-

172 2267 251 2327 σιλέϊ
281 2266 310 2324 δέ
337 2265 444 2342 Δαρείῳ
472 2262 508 2325 ὦς
535 2263 691 2344 ἐξαγγέλθη
719 2263 819 2341 Σάρδις
845 2264 971 2330 άλοόσας

172 2352 371 2432 ἐμπεπρῆσθαι
391 2350 446 2411 ὑπό
465 2377 496 2411 τε
515 2349 669 2427 Ἀθηναίων
689 2353 735 2410 καὶ
752 2351 858 2424 Ἰάνων,
874 2353 923 2414 τόν
941 2354 971 2412 δὲ

172 2441 296 2524 ἡγεμόνα
316 2439 447 2521 γενέσθαι
467 2436 517 2515 τῆς
539 2443 684 2522 συλλογῆς
705 2440 778 2501 ὥστε
798 2445 885 2501 ταῦτα
906 2467 970 2502 συν-

173 2530 330 2606 υφανθῆναι
350 2526 400 2588 τόν
418 2526 565 2602 Μιλήσιον
579 2527 792 2610 Ἀρισταγόρην,
807 2532 902 2606 πρῶτα
920 2533 971 2606 μὲν

173 2620 286 2700 λέγεται
306 2615 399 2687 αὐτόν,
428 2615 463 2680 οἷς
486 2613 602 2676 ἐπύθετο
628 2621 724 2687 ταῦτα,
751 2615 848 2690 Ἰάνων
875 2615 972 2678 οὐδένα

173 2706 261 2788 λόγον
277 2704 476 2783 ποιησάμενον,
496 2703 526 2764 εὖ
545 2703 637 2766 εἰδότα
655 2704 690 2769 οἷς
706 2702 785 2766 οὗτοί
795 2731 829 2786 γε
843 2705 875 2766 οὗ
890 2732 972 2766 κατα-

175 2795 336 2873 προΐξονται
349 2793 531 2864 ἀποστάντες,
543 2795 667 2872 εἴρεσθαι
681 2795 779 2858 οἵτινες
789 2793 842 2855 εἶεν
853 2798 880 2854 οἱ
889 2793 972 2872 Ἀθη-

173 2887 262 2953 ναΐοις
291 2883 363 2960 μετὰ
385 2883 423 2954 δέ,
446 2881 612 2959 πυθόμενον,
631 2886 745 2959 αἰτῆσαι
760 2881 793 2942 τδ
812 2882 903 2952 τόξον,
922 2886 973 2942 λα·

171 2971 263 3050 βάντα
283 2971 312 3032 δὲ
333 2971 380 3030 καὶ
400 2971 529 3031 ἐπιθέντα
549 2969 647 3031 όῖστδν
667 2970 721 3030 ἅνω
742 2975 770 3034 ές
789 2970 838 3032 τόν
856 2969 974 3048 οὐρανόν

172 3060 290 3134 α’πεῐναι,
305 3062 355 3121 καί
371 3086 420 3138 μιν
441 3063 468 3122 ἐς
487 3058 537 3119 τόν
556 3058 624 3137 η’έρα
642 3058 792 3136 βάλλοντα
808 3062 903 3118 εἰπεῖν·
926 3059 973 3118 “ιιί

173 3153 234 3222 Ζεῦ,
253 3149 416 3233 ἐκγενέσθαι
433 3174 483 3225 μοι
498 3147 661 3224 Ἀθηναίους
678 3144 839 3208 τίσασθαι·”
858 3147 974 3208 εἴπαντα

173 3237 203 3298 δὲ
228 3245 316 3302 ταῦτα
343 3237 502 3318 προστάξαι
522 3237 561 3296 ἐνὶ
580 3240 635 3298 τῶν
656 3235 840 3316 θεραπόντων,
862 3235 975 3298 δείπνου
