2240 3424
159 81 208 130 312
464 79 649 130 Ἧνοιουοτ
895 82 960 148 [1x.

161 158 251 236 φόνου
273 164 324 221 τοῦ
350 159 500 231 Λεωνίδεω,
525 158 596 220 κατά
621 158 656 220 τά
682 161 862 239 χρηστήριον,
885 167 964 224 τοῖσι

161 247 355 326 Σπαρτιήτῃσι
377 253 407 306 ἐκ
427 247 589 325 Μαρδονίου
616 248 782 310 ἐπιτελέετο·
814 249 861 310 καὶ
883 251 964 328 νίκην

159 333 313 413 α’ναιρέεται
327 336 484 412 καλλίστην
498 335 630 396 ἁπασέων
642 340 697 396 τῶν
706 336 786 412 ἦμεῖς
796 337 874 416 ἴδμεν
885 345 962 398 Παυ-

159 425 257 499 σανίης
277 423 293 484 ό
318 423 525 501 Κλεομβρότου
545 428 596 484 τοῦ
615 423 841 501 Ἀναξανδρίδεω·
861 427 963 488 τῶνδὲ

159 510 315 588 κατύπερθέ
330 514 357 570 οἱ
372 509 517 592 προγόνων
529 511 564 572 τά
578 511 719 590 οὐνόματα
729 513 834 590 εἴρηται
847 519 875 577 ἐς
886 520 962 574 Λεω-

158 599 244 674 νίδην·
266 597 348 659 ὦότοὶ
368 598 422 680 γάρ
444 605 500 675 σφι
520 599 692 680 τυγχάνουσι
706 599 804 664 ἐόντες.
839 600 961 680 α’ποθνή·

159 712 221 745 σκει
229 685 259 746 δὲ
267 685 487 764 Μαρδόνιοςῦπὸ
495 685 690 764 Ἀειμνήστου,
699 686 962 769 άνδρδςένΣπάρτῃ

159 775 289 854 λογίμου·
317 773 348 838 ός
365 774 457 854 χρόνῳ
475 767 594 854 ὕστερον
613 775 684 852 μἐτοὶ
701 773 737 834 τά
758 775 872 851 Μηδικά
891 778 962 857 ἔχων

159 861 259 940 ἄνδρας
271 863 448 941 τριηκοσίους
468 864 611 939 συνέβαλε
625 869 654 924 ἐν
671 863 861 944 Στενυκλήρῳ,
875 868 961 926 πολέ-
1021 937 1024 942 ,

158 977 213 1028 μου
228 951 327 1025 ἐόντος,
343 953 538 1027 Μεσσηνίοισι
547 954 629 1010 πᾶσι·
648 951 694 1010 καὶ
707 949 790 1014 αὐτός
799 977 830 1011 τε
840 951 962 1014 άπέθανε

112 1040 149 1097 65
159 1040 205 1098 καὶ
223 1042 250 1099 οἱ
266 1038 433 1116 τριηκόσιοι.
474 1037 523 1098 Έν
537 1038 566 1097 δὲ
580 1042 745 1117 Πλαταιῇσι
759 1042 785 1098 οἱ
799 1039 911 1118 Πέρσαι
926 1041 962 1106 ὥς

159 1127 311 1204 ἐτράποντο
329 1125 384 1187 άπό
401 1131 456 1188 τῶν
476 1125 710 1204 Λακεδαιμονίων,
727 1126 846 1208 ἔφευγον
863 1127 961 1188 οὐδένα

158 1214 266 1292 κόσμον
290 1221 317 1279 ἐς
337 1215 372 1274 τό
396 1213 586 1291 στρατόπεδον
609 1214 641 1274 τά
668 1217 779 1288 ἑωυτῶν,
806 1215 852 1274 καὶ
875 1221 903 1280 ἐς
925 1216 959 1277 τά

157 1307 249 1382 τεῖχος
266 1303 299 1364 τά
323 1303 434 1373 ξίλινον
456 1302 489 1362 τό
512 1301 681 1378 ἐποιήσαντο
699 1308 727 1371 ἐν,
745 1304 829 1382 μοίρη
849 1307 886 1382 τῇ
903 1310 957 1380 Θη-

157 1391 246 1467 βαίδι.
288 1392 368 1468 θῶμα
388 1391 420 1450 δέ
437 1417 487 1468 μοι
504 1391 581 1460 ὅκως,
598 1391 674 1467 παρά
689 1393 739 1466 τῆς
760 1390 911 1468 Δήμητρος
925 1391 960 1452 τά

158 1477 247 1542 άλσος
260 1479 434 1558 μαχομένων,
450 1478 512 1538 οὐδὲ
526 1479 564 1541 εἶς
578 1478 668 1555 ἐφάνη
681 1482 735 1539 τῶν
748 1481 882 1556 Περσέων
896 1479 960 1540 οὔτε

158 1567 282 1626 ἐσελθάν
301 1572 328 1630 ἐς
344 1565 378 1626 τά
395 1567 508 1643 τέμενος
523 1565 586 1628 οὔτε
600 1565 785 1628 ἐναποθανών·
806 1567 872 1645 περί
882 1594 914 1628 τε
926 1568 959 1628 τά

158 1653 217 1730 ἱράν
234 1657 261 1714 οἱ
277 1657 409 1714 πλεῖστοι
423 1659 452 1714 ἐν
464 1657 502 1733 τῷ
514 1653 637 1734 βεβήλῳ
652 1656 763 1715 ἔπεσον·
785 1654 869 1714 δοκέω
883 1655 920 1726 δέ,
936 1656 962 1714 εἶ

156 1767 184 1801 τι
204 1742 343 1820 περὶτῶν
365 1743 445 1804 θείων
466 1743 638 1824 πρηγμάτων
657 1744 761 1804 δοκέειν
785 1743 832 1816 δεῖ,
857 1743 877 1819 ἦ
897 1742 960 1806 θεός

156 1829 227 1907 αὐτή
245 1836 337 1906 σφεας
355 1829 405 1892 οὐκ
422 1831 542 1902 ἐδέξατο,
562 1832 761 1910 ἐμπρήσαντας
774 1829 807 1892 τό
822 1836 851 1891 ἐν
863 1830 960 1891 Ἐλευ-

157 1923 215 1978 σῖνι
228 1917 402 1998 οἷνακτόριον.
444 1919 514 1996 αὕτη
527 1919 579 1996 μέν
592 1945 641 1980 νυν
653 1920 672 1997 ἦ
686 1920 765 2000 μάχη
780 1918 825 1978 ἐπὶ
837 1923 960 1980 τοσοῦτο

158 2008 276 2087 ἐγένετο.

109 2095 146 2152 66
196 2093 372 2172 Ἀρτάβαζος
382 2094 438 2155 δέό
448 2094 606 2172 Φαρνάκεος
614 2095 713 2156 αὐτίκα
722 2121 753 2156 τε
765 2095 814 2156 οὐκ
824 2094 959 2172 άρέσκετο

157 2182 216 2242 κατ’
227 2182 315 2262 άρχάς
325 2183 492 2260 λειπομένου
506 2183 667 2259 Μαρδονίου
680 2181 737 2242 άπά
750 2184 898 2261 βασιλέος,
913 2185 960 2244 καὶ

156 2268 220 2330 τότε
233 2270 330 2330 πολλά
343 2269 522 2351 ἀπαγορεύων
536 2269 613 2331 οὐδὲν
627 2269 700 2348 ήνυε,
712 2271 894 2347 συμβάλλειν
908 2271 959 2331 οὐκ

157 2361 217 2417 ἐῶν·
245 2358 362 2433 ἐποίησέ
378 2384 409 2418 τε
426 2357 508 2422 αὐτός
525 2357 682 2429 τοιάδε,οιάς
701 2357 750 2416 οὐκ
771 2357 960 2433 α’ρεσκόμενος

155 2449 231 2505 τοῖσι
251 2444 400 2526 πρήγμασι
419 2450 496 2506 τοῖσι
520 2450 549 2505 ἐκ
573 2445 733 2522 Μαρδονίου
756 2445 958 2521 ποιευμένοισι·

155 2536 210 2592 τῶν
230 2533 396 2614 ἐστρατήγεε
416 2532 431 2594 ά
448 2533 631 2612 Ἀρτάβαζος·
654 2531 711 2612 εἶχε
730 2532 759 2591 δέ
778 2531 894 2609 δύναμιν
908 2533 958 2595 οὔκ

156 2619 263 2702 ὀλίγην,
284 2619 361 2681 άλλά
382 2623 428 2682 καὶ
449 2627 476 2685 ἐς
494 2623 630 2696 τέσσερας
650 2619 785 2698 μυριάδας
805 2619 958 2698 άνθριόπων

156 2709 220 2786 περὶ
241 2708 349 2770 ἑωυτόν·
369 2710 490 2783 τούτους,
512 2707 580 2771 ὅκως
599 2706 618 2783 ή
637 2707 775 2786 συμβολή
795 2709 907 2790 ἐγίνετο,
928 2706 957 2768 εὖ

157 2796 371 2875 ἐξεπιστάμενος
401 2796 438 2859 τά
465 2799 568 2873 ἐμελλε
593 2793 797 2873 ἀποβήσεσθαι
825 2795 881 2856 άπδ
908 2799 959 2874 τῆς

155 2883 256 2964 μάχης,
269 2884 321 2967 ἦγε
335 2886 564 2962 κατηρτημένους,
579 2887 771 2967 παραγγείλας
785 2885 855 2946 κατά
868 2884 956 2946 τώυτό

157 2972 225 3032 ἰέναι
244 2973 350 3038 πάντας
367 3000 403 3052 τη
422 2972 457 3034 ἂν
475 2971 557 3036 αὐτός
577 2973 729 3054 ἐξηγέηται,
745 2973 813 3038 ὅκως
826 2971 861 3034 ἂν
874 2972 957 3034 αθτδν

155 3058 257 3136 ὁρέωσι
272 3062 397 3138 σπουδῆς
416 3062 524 3139 ἔχοντα·
551 3064 639 3122 ταῦτα
656 3063 856 3146 παραγγείλας,
875 3061 910 3125 οἷς
930 3065 957 3125 ἐς

156 3145 251 3224 μάχην
273 3147 325 3228 ἦγε
347 3148 430 3223 δῆθεν
452 3145 502 3206 τόν
526 3148 658 3226 στρατόν·
679 3151 834 3228 προτερέων
857 3150 887 3209 δέ
906 3151 957 3223 τῆς

156 3229 231 3300 ὁδοῦ,
251 3231 307 3308 ὥρα
324 3234 370 3292 καὶ
387 3232 422 3309 δή
439 3231 675 3314 φεύγονταςντούς
693 3237 819 3314 Πέρσας·
840 3235 910 3294 οὕτω
927 3234 957 3294 δέ
