2294 3430
161 116 212 163 ιιι
454 113 636 163 Ἥνοιουου
879 107 955 173 [vu

161 190 283 268 ἄλλονῆ
303 193 411 252 ἑωυτόν.
453 193 614 269 ἐπειχθῆναι
631 191 684 266 μέν
704 213 752 250 νυν
771 192 828 249 πᾶν
840 191 958 268 πρῆγμα

159 279 245 338 τίκτει
261 278 429 353 σφάλματα,
444 283 473 336 ἐκ
491 282 546 337 τῶν
565 277 661 353 ζημίαι
680 276 802 358 μεγάλαι
824 277 958 352 φιλέουσι

160 367 296 446 γίνεσθαι·
325 370 353 426 ἐν
374 365 404 423 δέ
424 370 462 442 τῷ
484 367 611 443 ἐπισχεῖν
633 366 722 424 ἔνεστι
746 363 846 444 άγαθά,
872 366 896 422 εἰ
918 363 958 440 μή

159 453 315 530 παραυτίκα
334 453 466 512 δοκέοντα
487 453 563 522 εἶναι,
586 450 650 510 ἀλλ’
664 450 716 512 ἀνά
734 451 836 530 χρόνον
854 451 959 528 ἐξεύροι

159 566 201 603 τις
214 539 257 600 άν.
295 540 343 599 σοὶ
356 542 407 617 μὲν
421 540 455 616 δη
468 544 564 609 ταῦτα,
580 539 601 598 ὦ
613 541 746 615 βασιλεῦ,
761 539 958 616 συμβουλεύω·

161 627 198 687 σύ
222 627 259 697 δὲ,
284 627 305 686 ὦ
325 631 378 686 παῖ
400 628 538 704 Γωβρύεω
561 625 711 704 Μαρδόνιε,
735 630 843 686 παῦσαι
869 626 959 706 λέγων

159 715 262 796 λόγους
278 715 411 791 ματαίους
431 716 495 792 περὶ
511 714 664 791 Ἑλλήνων,
681 713 731 773 ούκ
753 713 850 774 ἐόντων
877 712 960 782 ἀξίων

160 801 291 879 φλαύρως
314 801 432 863 ἀκούειν·
451 802 595 879 Ἕλληνας
616 802 671 882 γὰρ
693 801 864 877 διαβάλλων,
884 803 959 860 ἐπαί-

160 915 217 966 ρεις
235 888 318 950 αύτδν
338 891 465 966 βασιλέα
486 888 698 968 στρατεύεσθαι·
720 888 804 948 αὐτοῦ
818 889 848 948 δέ
860 887 960 948 τούτου

163 977 252 1037 εἵνεκα
270 977 372 1041 δοκέεις
386 1005 436 1055 μοι
454 983 551 1045 πᾶσαν
570 978 728 1055 προθυμίην
742 976 878 1036 ἐκτείνειν.
919 976 960 1052 μή

160 1090 209 1124 νυν
230 1063 300 1124 οὕτω
320 1066 442 1147 γένηται·
464 1064 587 1143 διαβολὴ
600 1065 656 1146 γάρ
670 1070 732 1124 ἐστι
745 1063 909 1124 δεινότατον·
932 1069 961 1124 ἐν

161 1156 197 1230 τῇ
210 1152 259 1212 δύο
275 1154 327 1230 μέν
348 1157 403 1212 είσι
424 1157 451 1212 οἶ
471 1153 630 1222 ἀδικέοντες,
646 1153 683 1214 εἷς
703 1151 733 1210 δέ
747 1151 762 1210 ὁ
776 1149 959 1228 ἀδικεόμενος·

160 1238 177 1299 ὁ
197 1243 249 1317 μὲν
269 1240 324 1321 γάρ
348 1239 512 1316 διαβάλλων
534 1241 633 1300 ἀδικέει
655 1238 687 1298 ού
708 1239 858 1316 παρεόντος
878 1265 960 1316 κατη-

160 1329 272 1407 γορέων·
293 1327 309 1386 ά
323 1327 353 1388 δὲ
365 1327 474 1396 ἀδικέει,
488 1327 704 1404 ἀναπειθόμενος
717 1327 784 1404 πρὶν
796 1325 814 1403 ἢ
827 1325 961 1405 ἀτρεκέως

162 1413 277 1494 ἐκμάθη·
299 1415 315 1474 ό
334 1415 363 1473 δέ
385 1414 419 1490 δὴ
441 1415 533 1475 ἀπεὼν
552 1419 602 1474 τοῦ
623 1414 711 1495 λόγου
728 1415 793 1474 τάδε
807 1420 836 1475 ἐν
850 1415 960 1476 αὐτοῖσι

162 1500 305 1570 ἀδικέεται,
325 1501 488 1577 διαβληθείς
509 1527 539 1561 τε
558 1501 613 1562 ύπό
633 1506 684 1561 τοῦ
707 1504 800 1579 ἐτέρου
820 1503 865 1560 καὶ
884 1528 959 1578 νομι-

162 1588 240 1651 σθεὶς
258 1587 329 1665 πρός
344 1592 394 1648 τοῦ
415 1589 508 1666 ἐτέρου
529 1588 613 1653 κακός
633 1588 712 1649 εἶναι.
753 1588 818 1648 ἀλλ’
833 1595 857 1649 εἰ
871 1589 905 1664 δή
919 1589 962 1648 δεῖ

160 1701 194 1757 γε
215 1674 323 1738 πάντως
343 1675 389 1734 ἐπὶ
409 1675 474 1739 τούς
494 1675 594 1754 ἀνδρας
614 1676 727 1741 τούτους
748 1678 959 1755 στρατεύεσθαι,

162 1763 240 1840 φέρε,
258 1762 398 1838 βασιλεύς
416 1765 468 1839 μὲν
485 1762 567 1826 αύτὸς
583 1769 612 1824 ἐν
631 1761 714 1839 ἤθεσι
734 1769 809 1826 τοῖσι
827 1767 961 1842 Περσέων

159 1851 272 1927 μενέτω·
296 1850 388 1929 ἡμέων
408 1852 438 1911 δέ
455 1851 620 1930 ἀμφοτέρων
639 1855 904 1930 παραβαλλομένων
923 1853 960 1914 τά

159 1940 250 2009 τέκνα,
264 1939 454 2017 στρατηλάτεε
465 1939 547 2004 αὐτός
556 1940 594 2000 σύ
607 1941 804 2018 ἐπιλεξάμενός
816 1969 846 2002 τε
860 1941 960 2019 ἄνδρας

159 2027 224 2092 τοῦς
238 2028 342 2091 ἐθέλεις
356 2028 401 2086 καὶ
415 2027 514 2105 λαβολν
534 2029 670 2106 στρατιήν
691 2028 796 2105 ὁκόσην
816 2031 878 2090 τινὰ
890 2031 959 2108 βού-

159 2119 237 2174 λεαι·
258 2118 304 2175 καὶ
325 2114 360 2192 ἢν
380 2118 432 2193 μὲν
453 2121 489 2195 τῇ
507 2116 544 2176 σύ
567 2118 659 2198 λέγεις
678 2115 817 2196 ἀναβαίνῃ
839 2117 959 2194 βασιλέί

160 2202 197 2262 τά
219 2203 379 2284 πρήγματα,
402 2205 566 2264 κτεινέσθων
589 2208 615 2264 οἱ
637 2205 699 2281 ἐμοὶ
722 2205 818 2268 παῖδες
839 2205 909 2283 πρός
929 2206 985 2267 δὲ·

160 2288 272 2349 αύτοῖσι
296 2290 341 2348 καὶ
365 2290 432 2370 ε’γιό·
459 2289 494 2366 ἦν
516 2291 545 2350 δέ
565 2297 601 2370 τῇ
622 2292 676 2373 ἐγω
700 2293 838 2373 προλέγω,
861 2298 887 2353 οἶ
910 2295 959 2353 σοὶ

160 2381 247 2436 ταῦτα
267 2376 433 2456 πασχόντων
446 2376 501 2438 σύν
514 2378 545 2437 δέ
557 2387 613 2457 σφι
627 2380 674 2438 καὶ
687 2379 732 2449 σύ,
747 2378 781 2455 ἢν
801 2381 958 2458 ἀπονοστή-

160 2489 223 2543 σῃς·
245 2468 269 2524 εἰ
290 2464 320 2523 δέ
341 2468 429 2524 ταῦτα
449 2467 500 2542 μέν
518 2465 661 2527 ύποδύνειν
679 2467 728 2527 ούκ
750 2468 901 2544 ἐθελήσεις,
921 2469 958 2528 σύ

161 2552 191 2611 δὲ
203 2550 311 2614 πάντως
325 2552 485 2630 στράτευμα
498 2552 605 2624 ἀνάξεις
616 2556 661 2614 ἐπὶ
670 2555 722 2630 τήν
735 2554 869 2626 Ἑλλάδα,
878 2555 958 2616 ἀκού-

160 2639 266 2699 σεσθαί
284 2637 346 2698 τινά
367 2645 442 2716 φημι
462 2644 517 2700 τῶν
535 2641 619 2701 αι’ντοῦ
640 2643 705 2720 τῇδε
722 2640 957 2720 ἀπολειπομένων,

161 2725 321 2803 Μαρδόνιον
332 2727 407 2808 μέγα
419 2753 446 2786 τι
461 2727 545 2788 κακόν
559 2729 760 2810 ἐξεργασμένον
774 2730 889 2806 Πέρσας
901 2726 956 2789 ὑπό

161 2818 246 2874 κυνῶν
264 2840 295 2874 τε
317 2815 363 2872 καὶ
385 2814 499 2892 ὀρνίθων
521 2813 780 2893 διαφορεύμενον,ἥ
803 2843 852 2876 κου
872 2823 900 2877 ἐν
920 2823 957 2898 γῇ

159 2907 195 2981 τῇ
210 2901 364 2978 Ἀθηναίων
383 2901 401 2977 ἦ
423 2902 459 2962 σε’
479 2927 512 2983 γε
531 2907 560 2964 ἐν
579 2907 615 2980 τῇ
628 2904 859 2980 Λακεδαιμονίων,
875 2909 898 2963 εἶ
916 2906 957 2981 μὴ

159 2989 213 3067 ἀρα
227 2990 273 3049 καὶ
286 2990 422 3068 πρότερον
436 2988 494 3049 κατ’
509 2989 582 3060 όδδν,
597 2989 699 3071 γνόντα
714 2990 754 3049 ἐπ’
770 2991 844 3053 οἴους
858 2991 958 3068 ἄνδρας

159 3077 354 3158 ἀναγινιύσκεις
375 3077 577 3155 στρατεύεσθαι
597 3077 750 3155 βασιλέα.”

116 3163 148 3222 ll
199 3165 374 3244 Ἀρτάβανος
387 3169 438 3244 μὲν
454 3168 541 3226 ταῦτα
555 3166 640 3235 ἔλεξε·
661 3165 767 3242 ’Ξέρξης
780 3165 809 3223 δέ
824 3164 958 3240 θυμωθεὶς

160 3249 307 3328 ἀμείβεται
324 3254 430 3316 τοῖσδε·
451 3263 468 3290 “
476 3251 643 3331 Ἀρτάβανε,
657 3251 762 3328 πατρός
775 3250 813 3314 εἶς
825 3251 876 3309 τοῦ
890 3250 959 3324 ἐμοῦ
