2204 3430
161 126 192 180 τι
464 121 647 176 Ἧεοοουοπ
894 127 957 194 [vr.

160 207 206 266 καὶ
226 205 335 266 ἐποίευν
355 206 416 266 ἀντὶ
435 205 504 266 εἶναι
520 204 646 284 ἐνόρχιας
659 202 813 285 εὐνούχους,
827 205 874 265 καὶ
887 233 958 285 παρ-

159 294 255 356 θένους
266 293 316 356 τάς
330 291 572 356 καλλιστευούσας
587 291 787 357 ἀνασπάστους
806 293 890 371 παροδ
902 297 959 370 βω-

158 381 252 440 σιλέα·
273 381 360 440 ταῦτά
377 406 408 441 τε
427 379 461 456 δή
483 381 592 440 ἐποίευν
605 379 651 438 καὶ
664 379 714 443 τοϊς
726 379 829 445 πόλιας
849 384 957 461 ἐνεπίμ-

160 494 275 544 πρασαν
297 467 408 528 αύτοῖσι
428 471 505 529 τοῖσι
527 470 623 545 ἶροῖσι.
664 467 735 528 οὕτω
759 468 788 527 δὲ
808 469 842 529 τδ
863 472 958 547 τρίτον

154 555 246 620 Ἴωνες
259 555 516 632 κατεδουλώθησαν,
530 558 642 633 πρῶτον
658 557 711 633 μὲν
728 555 783 616 ύπδ
796 557 901 629 Λυδῶν,
916 558 958 624 δὶς

158 645 188 704 δὲ
208 645 307 720 ἐπεξῆς
326 643 390 704 τότε
409 644 464 704 ύπδ
485 644 630 721 Περσέων.

111 734 149 792 33
199 731 271 792 Ἀπδ
286 733 316 791 δὲ
323 731 428 809 Ἰωνίης
434 730 693 806 ἀπαλλασσόμενος
706 729 723 792 ό
736 730 863 794 ναυτικὰς
871 759 957 810 στρα-

158 818 206 882 τδς
224 820 261 878 τά
282 819 323 879 ἐπ’
344 817 479 896 οἷριστεροϊ
499 819 649 878 ἐσπλέοντι
669 821 719 878 τοῦ
739 816 957 893 Ἑλλησπόντου

119 963 122 968 .
158 909 233 984 αἵρεε
245 906 346 968 πάντα·
365 906 402 966 τά
414 906 469 988 γάρ
490 906 535 965 ἐπὶ
555 905 631 974 δεξιά
646 905 757 965 αύτοῖσι
770 905 869 987 [τοῖσι]
883 909 956 984 Πέρ-

158 1021 229 1074 σησι
248 995 395 1074 ύποχείρια
410 993 446 1070 ἦν
457 992 594 1076 γεγονότα
615 992 673 1052 κατ’
686 991 811 1070 ἤπειρον.
853 996 908 1054 εἶσὶ
926 996 957 1056 δέ

158 1087 234 1162 ἐν’τῇ
247 1082 367 1162 Εὐρώπη
386 1082 445 1142 αἵδε
462 1086 512 1142 τοῦ
525 1079 752 1157 Ἑλλησπόντου·
772 1081 957 1158 Χερσόνησός

157 1196 188 1230 τε
201 1176 231 1230 ἐν
243 1175 279 1249 τῇ
291 1171 388 1232 πόλιες
408 1169 511 1248 συχναὶ
530 1169 622 1242 ἐνεισι,
637 1169 684 1227 καὶ
698 1169 842 1245 Πέρινθος,
858 1170 903 1228 καὶ
919 1170 956 1230 τοῖ

157 1258 252 1336 τείχεα
267 1256 303 1317 τά
320 1257 366 1316 ἐπὶ
378 1256 507 1333 Θρηίκης,
522 1254 567 1313 καὶ
582 1254 774 1331 Σηλυβρίητε
792 1255 838 1313 καὶ
852 1256 955 1326 Βυζάν-

156 1370 226 1404 τιον.
267 1343 413 1414 Βυζάντιοι
432 1342 484 1420 ριέν
504 1368 552 1402 νυν
573 1342 619 1400 καὶ
634 1345 661 1401 οἱ
674 1342 794 1418 πέρηθεν
808 1343 955 1420 Χαλκηδό-

149 1457 212 1519 χιοι
229 1431 285 1492 οὐδ’
297 1431 445 1508 ύπέμειναν
464 1431 646 1493 ἐπιπλέοντας
660 1429 725 1492 τούς
737 1431 874 1500 Φοίνικας,
888 1431 956 1492 ἀλλ’

159 1519 271 1598 οἴχοντο
291 1517 477 1582 ἀπολιπόντες
491 1517 544 1594 τήν
556 1518 697 1596 σφετέρην
717 1517 772 1576 ἔσω
793 1522 820 1580 ές
839 1518 889 1578 τόν
902 1519 956 1578 Εὕ-

159 1605 247 1675 ξεινον
267 1605 379 1666 πόντον·
398 1607 444 1665 καὶ
466 1608 584 1667 ἐνθαῦτα
605 1604 691 1665 πόλιν
706 1607 901 1683 Μεσαμβρίην
917 1608 955 1666 οϊ-

159 1719 259 1770 κησαν.
301 1697 327 1754 οἱ
349 1695 378 1754 δὲ
399 1695 522 1758 Φοίνικες
543 1693 766 1756 κατακαύσαντες
787 1693 957 1760 ταύταςτὰς

158 1780 250 1862 χώρας
270 1781 320 1846 τοϊς
343 1783 571 1862 καταλεχθείσας,
593 1781 746 1858 τράπονται
767 1781 815 1840 ἐπί
832 1807 863 1841 τε
879 1788 956 1859 Προ-

158 1869 294 1947 κόννησον
315 1871 360 1930 καὶ
372 1869 520 1948 Ἀρτάκην·
540 1868 607 1946 πυρὶ
619 1869 650 1928 δὲ
665 1869 712 1927 καὶ
726 1869 828 1933 ταύτας
848 1871 956 1947 νείμαν-

157 1984 202 2021 τες
220 1960 327 2020 ἐπλωον
345 1957 421 2022 αὖτις
440 1963 467 2022 ἐς
487 1957 538 2034 τήν
553 1955 746 2034 Χερσόνησον,
761 1958 956 2035 ἐξαιρήσοντες

156 2046 206 2110 τάς
219 2048 379 2110 ἐπλοϊπους
391 2051 447 2106 τῶν
459 2047 565 2106 πολίων
579 2045 649 2108 ὅσας
662 2044 799 2122 πρότερον
814 2047 955 2124 προσχόν·

157 2160 202 2198 τες
225 2134 257 2193 ού
277 2135 442 2211 κατέσυραν.
471 2134 517 2192 ε’πϊ
540 2133 569 2192 δὲ
593 2131 716 2203 Κύζικον
740 2132 803 2192 ούδέ
824 2133 956 2194 ἔπλωσαν

157 2220 257 2300 α’ρχήν·
278 2221 357 2280 αὐτοὶ
370 2220 424 2301 γοϊρ
439 2221 588 2296 Κυζικηνοὶ
602 2221 641 2279 ἔτι
653 2220 788 2297 πρότερον
801 2225 851 2280 τού
865 2224 956 2282 Φοινί-

157 2335 211 2368 κων
233 2309 341 2367 ἐσπλου
363 2307 529 2388 ἐγεγόνεσαν
549 2306 604 2367 ύπδ
626 2309 755 2384 βασιλέϊ,
779 2308 899 2384 Οἰβάρεϊ
917 2314 957 2389 τῷ

157 2393 333 2476 Μεγαβάζου
354 2393 582 2475 ὁμολογήσαντες
594 2399 632 2474 τῷ
646 2400 674 2455 ἐν
689 2397 855 2474 Δασκυλείῳ
868 2395 956 2473 ύπάρ-

156 2508 204 2561 χῳ.
247 2485 297 2558 τῆς
310 2482 339 2540 δὲ
352 2482 544 2558 Χερσονήσου,
558 2482 635 2558 πλήν
646 2483 771 2559 Καρδίης
783 2483 892 2552 πόλιος,
905 2484 957 2548 τοὶς

156 2569 248 2633 ἄλλος
267 2569 362 2633 πάσας
383 2569 567 2648 ἐχειράσαπο
588 2573 615 2629 οἱ
635 2570 767 2634 Φοίνικες.

110 2658 148 2716 34
196 2655 374 2734 Ἐτυροίννευε
397 2657 426 2715 δέ
481 2659 549 2719 τέων
572 2659 656 2737 μέχρι
676 2657 741 2718 τότε
759 2656 919 2733 Μιλτιάδης
939 2659 957 2720 ὅ

158 2745 286 2822 Κίμωνος
306 2749 356 2806 τοῦ
378 2744 571 2827 Στησαγόρεω,
594 2745 770 2822 κτησαμένου
793 2745 844 2821 τήν
864 2744 958 2825 ἀρχὴν

157 2833 260 2910 ταύτην
283 2833 420 2912 πρότερον
441 2834 602 2895 Μιλτιάδεω
625 2835 675 2895 τού
698 2834 835 2913 Κυψέλου
860 2833 957 2916 τρόπῳ

155 2922 260 3002 τοιῷδε·
289 2923 365 3002 εἶχον
388 2921 532 3003 Δόλογκοι
555 2921 671 3000 Θρήϊκες
694 2922 745 2998 τήν
768 2922 957 3000 Χερσόνησον

154 3011 266 3088 ταύτην.
304 3009 380 3072 ούτοι
399 3009 436 3069 ὦν
455 3014 481 3068 οϊ
498 3009 641 3090 Δόλογκοι
658 3012 819 3073 πιεσθέντες
839 3012 957 3092 πολέμῳ

153 3098 208 3160 ύπὸ
221 3099 379 3181 Ἀψινθίων,
394 3104 421 3162 ἐς
435 3098 568 3175 Δελφούς
589 3099 715 3178 ἔπεμψαν
734 3097 800 3161 τούς
813 3100 958 3174 βασιλέας

153 3189 217 3267 περὶ
240 3195 290 3251 τοῦ
312 3181 440 3267 πολέμου
460 3188 662 3267 χρησομένους·
689 3186 708 3262 ή
731 3187 760 3247 δέ
783 3186 877 3263 Πυθίη
898 3195 959 3265 σφι

154 3275 246 3340 οἷνεϊλε
267 3278 395 3357 οἶκιστήν
417 3276 572 3360 ἐπάγεσθαι
593 3277 640 3336 ἐπὶ
658 3274 711 3352 τήν
731 3274 825 3354 χώρην
842 3279 957 3350 τοῦτον,
