2204 3430
150 99 261 165 33-36]
423 109 430 122 ¹
457 101 665 153 TEPWIXOPH:
925 104 964 152 15⁸

149 185 178 243 ἐς
192 179 225 240 τό
238 183 332 258 τεῖχος
344 178 594 256 παρεσκευάσαντο
605 180 635 240 δὲ
645 179 681 244 ὥς
690 179 956 258 πολιορκησόμενοι·

148 268 197 327 καὶ
216 271 283 328 σῖτα
304 268 350 327 καὶ
369 267 443 328 ποτοὶ
464 267 497 327 τό
516 271 609 348 τεῖχος
630 267 777 338 ἐσάξαντο.
812 268 858 326 καὶ
879 265 955 328 οὗτοι

147 358 201 432 μὲν
211 355 439 434 παρεσκευάδατο
453 354 489 419 ὥς
501 357 696 434 παρεσομένου
710 361 766 432 σφι
779 356 915 433 πολέμου,
928 359 955 416 οἶ

147 443 172 503 δ’
194 445 256 504 ε’πεί
273 469 304 503 τε
324 445 460 521 διέβαλον
481 449 511 503 ἐκ
531 447 582 520 τῆς
604 445 677 504 Χίου
696 444 746 508 τοὶς
769 445 832 507 νέας
853 449 880 508 ές
902 444 955 521 τήν

146 531 253 606 Νάξον,
268 530 340 610 πρός
352 533 569 613 πεφραγμένους
582 532 804 610 προσεφέροντο·
827 533 873 591 καὶ
889 537 953 592 ε’πο-

146 619 277 696 λιόρκεον
302 624 393 696 μῆνας
423 620 572 698 τέσσερας·
606 620 642 684 οἷς
668 620 698 679 δὲ
723 619 760 680 τό.
785 645 816 680 τε
843 620 953 699 ἔχοντες

146 705 391 786 ἦλθονχρήματα
413 710 440 766 οἶ
462 709 576 785 Πέρσαι
597 712 685 768 ταῦτα
709 706 953 784 καταδεδαπάνητό

145 800 204 870 σφι
217 796 263 854 καὶ
277 797 351 874 αὐτῷ
363 799 401 874 τῷ
414 795 605 876 Ἀρισταγόρῃ
618 798 868 874 προσαναισίμωτο
881 800 951 856 πολ-

144 881 194 955 λά,
217 886 268 942 τοῦ
290 883 412 946 πλεῦνός
434 909 465 942 τε
493 883 584 943 ἐδέετο
606 883 626 959 ή
650 885 808 962 πολιορκίη,
834 885 952 944 ἐνθαῦτα

144 971 241 1048 τείχεα
267 973 344 1029 τοῖσι
368 969 479 1050 φυγάσι
504 975 559 1030 τῶν
582 971 695 1046 Ναξίων
719 971 952 1048 οἰκοδομήσαντες

144 1056 374 1116 ἀπαλλάσσοντο
389 1062 416 1120 ές
428 1057 481 1133 τήν
493 1057 618 1136 ἤπειρον,
633 1062 723 1122 κακῶς
736 1057 923 1135 πρήσσοντες.

187 1143 393 1226 Ἀρισταγόρης
409 1145 439 1204 δὲ
456 1145 505 1206 οὐκ
524 1145 582 1226 εἶχε
597 1145 649 1222 τήν
662 1147 822 1226 ὑπόσχεσιν
835 1149 874 1225 τῷ
886 1145 950 1224 Ἀρ·
959 1150 998 1208 35

144 1233 280 1310 ταφέρνεῖ
298 1237 489 1311 ἐκπληρῶσαι·
510 1232 570 1312 ἅμα
589 1235 618 1294 δὲ
635 1235 725 1306 ἐπίεζέ
742 1261 791 1312 μιν
807 1234 826 1312 ηι
842 1234 951 1312 δαπάνη

143 1324 196 1396 τῆς
210 1324 347 1398 στρατιῆς
364 1320 559 1398 ἀπαιτεομένη,
574 1321 696 1400 ἀρρώδεέ
712 1349 744 1383 τε
759 1325 810 1383 τοῦ
826 1327 950 1402 στρατοῦ

143 1407 301 1484 πρήξαντος
328 1414 417 1473 κακῶς
446 1411 493 1469 καὶ
524 1410 685 1492 Μεγαβάτῃ
711 1411 947 1489 διαβεβλημένος·

144 1495 238 1555 ε’δόκεέ
248 1523 280 1557 τε
289 1496 342 1572 τήν
350 1499 508 1574 βασιληίην
517 1501 571 1573 τῆς
581 1498 713 1574 Μιλήτου
727 1498 947 1574 ἀπαιρήσεσθαι·

144 1581 287 1660 ἀρρωδέων
302 1584 333 1644 δὲ
349 1585 454 1646 τούτων
470 1587 576 1646 ἕκαστα
593 1585 761 1662 ἐβουλεύετο
777 1583 948 1648 ἀπόστασιν·

144 1673 297 1734 συνέπιπτε
322 1673 377 1755 γάρ
404 1675 451 1732 καὶ
476 1673 526 1734 τόν
554 1675 719 1754 ἐστιγμένον
745 1673 797 1751 τήν
820 1675 949 1751 κεφαλήν

143 1756 263 1838 ἀπῖχθαι
290 1765 320 1820 έκ
348 1762 477 1826 Σουσέων
504 1762 582 1840 παραὶ
605 1761 749 1832 Ἱστιαίου,
773 1763 948 1839 σημαίνοντα

144 1845 322 1909 ἀπίστασθαι
337 1849 527 1930 Ἀρισταγόρῃ
547 1849 603 1909 ἀπό
620 1850 768 1926 βασιλέος·
790 1846 875 1930 ὄγάρ
890 1851 947 1910 Ἱσ-

143 1939 240 2004 τιαῖος,
261 1935 438 2011 βουλόμενος
458 1941 497 2013 τῷ
518 1935 709 2015 Ἀρισταγόρῃ
731 1941 858 2014 σημῇναι
879 1937 947 1998 ἀπο-

144 2026 257 2096 στῆναι,
268 2021 362 2085 ἄλλως
374 2025 426 2099 μὲν
438 2021 563 2100 οὐδαμῶς
577 2021 635 2100 εἶχε
648 2021 801 2097 ἀσφαλέως
814 2027 947 2101 σημήναι,

145 2107 219 2168 ὥστε
241 2110 484 2188 φυλασσομενέων
503 2114 559 2170 τόν
579 2109 658 2170 ὁδῶν·
679 2108 695 2170 ό
718 2109 747 2169 δὲ
768 2113 824 2171 τόν
842 2111 947 2174 δούλων

144 2196 194 2256 τόν
206 2195 379 2259 πιστότατον
390 2197 572 2276 ἀποξυρήσας
584 2197 636 2274 τήν
647 2197 775 2274 κεφαλήν
789 2199 887 2274 ἔστιξε,
900 2203 946 2262 καὶ

144 2283 269 2362 ἀνέμεινε
287 2285 427 2363 ἀναφῦναι
441 2286 492 2351 τοῖς
508 2287 616 2367 τρίχας·
638 2286 674 2350 οἷς
690 2287 720 2346 δὲ
737 2286 882 2364 ἀνέφυσαν
899 2290 945 2350 τά·

143 2399 239 2452 χιστα,
268 2374 415 2452 ἀπέπεμπε
442 2379 469 2438 ές
496 2377 628 2452 Μίλητον
656 2375 847 2452 ἐντειλάμενος
873 2377 947 2458 αύτῷ

144 2461 217 2522 ἄλλο
232 2463 285 2540 μὲν
302 2461 387 2534 ούδέν,
402 2462 487 2524 ε’πεάν
505 2464 535 2523 δὲ
552 2463 686 2540 ἀπίκηται
705 2467 732 2526 ἐς
750 2463 889 2540 Μίλητον,
903 2492 946 2525 κε-

144 2549 235 2610 λεύειν
246 2549 453 2633 Ἀρισταγόρην
471 2551 630 2630 ξυρήσαντά
643 2577 692 2630 μιν
704 2552 754 2616 τοὶς
766 2552 864 2630 τρίχας
882 2579 944 2614 κατ-

145 2637 254 2700 ιδέσθαι
273 2645 300 2703 ές
311 2639 363 2716 τήν
382 2639 519 2716 κεφαλήν·
539 2639 621 2700 τὰδὲ
639 2641 783 2720 στίγματα
802 2639 944 2716 ἐσήμαινε,

145 2725 180 2788 οἷς
196 2727 242 2784 καὶ
258 2726 395 2806 πρότερόν
409 2753 459 2806 μοι
478 2728 592 2804 εἴρηται,
607 2726 778 2788 ἀπόστασιν.
811 2731 900 2788 ταῦτα
916 2729 946 2788 δὲ

145 2811 161 2872 o‘
179 2812 312 2878 Ἱστιαῖος
335 2817 433 2888 ε’ποίεε,
455 2815 608 2893 συμφορήν
631 2814 795 2892 ποιεύμενος
817 2815 946 2896 μεγάλην

145 2899 197 2976 τήν
217 2903 317 2960 ἑωυτοῦ
338 2903 460 2983 κατοχήν
479 2902 531 2980 τήν
552 2909 581 2963 ἐν
602 2903 749 2968 Σούσοισι·
771 2901 947 2964 ἀποστάσιος

146 2987 183 3048 ὦν
199 2990 353 3069 γινομένης,
369 2991 480 3054 πολλάς
499 2991 557 3070 εἶχε
574 2991 689 3054 ἐλπίδας
704 2987 882 3066 μετήσεσθαι
901 2987 947 3044 ἐπὶ

145 3078 307 3139 θάλασσαν·
323 3078 363 3154 μή
377 3079 406 3137 δὲ
419 3079 550 3157 νεώτερόν
561 3105 590 3139 τι
602 3078 737 3152 ποιεύσης
750 3079 800 3148 τῆς
814 3069 947 3143 Μιλήτου

146 3165 253 3245 ούδαμά
271 3171 298 3230 ἐς
315 3165 403 3242 αὐτήν
414 3165 490 3242 ἥξειν
507 3169 547 3227 ἔτι
563 3166 716 3246 ἐλογίζετο.
749 3158 883 3218 Ἱστιαῖος
894 3151 994 3230 μέν36

146 3281 192 3316 νυν
218 3259 306 3316 ταῦτα
333 3253 532 3330 διανοεύμενος,
559 3251 708 3326 ἀπέπεμπε
734 3245 784 3304 τόν
813 3240 947 3319 ἄγγελον·
