<?xml version="1.0" encoding="UTF-8"?>
<!DOCTYPE html PUBLIC "-//W3C//DTD XHTML 1.0 Transitional//EN"
    "http://www.w3.org/TR/xhtml1/DTD/xhtml1-transitional.dtd">
<html xmlns="http://www.w3.org/1999/xhtml" xml:lang="en" lang="en">
 <head>
  <title>
</title>
<meta http-equiv="Content-Type" content="text/html;charset=utf-8" />
  <meta name='ocr-system' content='tesseract 3.04.00' />
  <meta name='ocr-capabilities' content='ocr_page ocr_carea ocr_par ocr_line ocrx_word'/>
</head>
<body>
  <div class='ocr_page' id='page_1' title='image "./herodotusrecens01blakgoog_0134.png"; bbox 0 0 2294 3430; ppageno 0'>
   <div class='ocr_carea' id='block_1_1' title="bbox 650 43 660 65">
    <p class='ocr_par' dir='ltr' id='par_1_1' title="bbox 650 43 660 65">
     <span class='ocr_line' id='line_1_1' title="bbox 650 43 660 65; baseline 0 0"><span class='ocrx_word' id='word_1_1' title='bbox 650 43 660 65; x_wconf 68' lang='grc' dir='ltr'>ἱ</span> 
     </span>
    </p>
   </div>
   <div class='ocr_carea' id='block_1_2' title="bbox 93 128 1010 3354">
    <p class='ocr_par' dir='ltr' id='par_1_2' title="bbox 172 128 1010 906">
     <span class='ocr_line' id='line_1_2' title="bbox 174 128 976 198; baseline 0 -18"><span class='ocrx_word' id='word_1_2' title='bbox 174 131 250 198; x_wconf 79' lang='grc' dir='ltr'>ι-ι]</span> <span class='ocrx_word' id='word_1_3' title='bbox 482 128 670 179; x_wconf 68' lang='lat' dir='ltr'>nomm.</span> <span class='ocrx_word' id='word_1_4' title='bbox 933 132 976 180; x_wconf 83' lang='lat'>121</span> 
     </span>
     <span class='ocr_line' id='line_1_3' title="bbox 173 207 973 291; baseline -0.003 -21"><span class='ocrx_word' id='word_1_5' title='bbox 173 210 258 270; x_wconf 75' lang='grc' dir='ltr'>αὐτοῦ</span> <span class='ocrx_word' id='word_1_6' title='bbox 278 209 398 286; x_wconf 77' lang='grc' dir='ltr'>σεμνοθς</span> <span class='ocrx_word' id='word_1_7' title='bbox 417 207 528 291; x_wconf 81' lang='grc' dir='ltr'>λόγους,</span> <span class='ocrx_word' id='word_1_8' title='bbox 551 208 684 290; x_wconf 87' lang='grc' dir='ltr'>κατέλεγε</span> <span class='ocrx_word' id='word_1_9' title='bbox 704 211 759 269; x_wconf 82' lang='grc' dir='ltr'>τῶν</span> <span class='ocrx_word' id='word_1_10' title='bbox 778 213 924 288; x_wconf 78' lang='grc' dir='ltr'>χρησμῶν·</span> <span class='ocrx_word' id='word_1_11' title='bbox 949 213 973 268; x_wconf 82' lang='grc' dir='ltr'>εἰ</span> 
     </span>
     <span class='ocr_line' id='line_1_4' title="bbox 172 296 977 376; baseline 0.001 -20"><span class='ocrx_word' id='word_1_12' title='bbox 172 297 225 374; x_wconf 89' lang='grc' dir='ltr'>μέν</span> <span class='ocrx_word' id='word_1_13' title='bbox 244 325 271 358; x_wconf 91' lang='grc' dir='ltr'>τι</span> <span class='ocrx_word' id='word_1_14' title='bbox 292 297 363 357; x_wconf 87' lang='grc' dir='ltr'>ε’νέοι</span> <span class='ocrx_word' id='word_1_15' title='bbox 379 297 503 374; x_wconf 78' lang='grc' dir='ltr'>σφάλμα</span> <span class='ocrx_word' id='word_1_16' title='bbox 525 297 613 374; x_wconf 88' lang='grc' dir='ltr'>φέρον</span> <span class='ocrx_word' id='word_1_17' title='bbox 630 301 669 376; x_wconf 76' lang='grc' dir='ltr'>τῷ</span> <span class='ocrx_word' id='word_1_18' title='bbox 688 296 836 376; x_wconf 81' lang='grc' dir='ltr'>βαρβάρῳ,</span> <span class='ocrx_word' id='word_1_19' title='bbox 855 301 910 356; x_wconf 82' lang='grc' dir='ltr'>τῶν</span> <span class='ocrx_word' id='word_1_20' title='bbox 925 301 977 374; x_wconf 82' lang='grc' dir='ltr'>μὲν</span> 
     </span>
     <span class='ocr_line' id='line_1_5' title="bbox 174 384 975 468; baseline 0 -24"><span class='ocrx_word' id='word_1_21' title='bbox 174 387 253 468; x_wconf 83' lang='grc' dir='ltr'>ἔλεγε</span> <span class='ocrx_word' id='word_1_22' title='bbox 280 385 368 446; x_wconf 78' lang='grc' dir='ltr'>οὐδέν·</span> <span class='ocrx_word' id='word_1_23' title='bbox 403 387 419 446; x_wconf 84' lang='grc' dir='ltr'>ό</span> <span class='ocrx_word' id='word_1_24' title='bbox 447 387 476 445; x_wconf 82' lang='grc' dir='ltr'>δὲ</span> <span class='ocrx_word' id='word_1_25' title='bbox 502 386 539 446; x_wconf 80' lang='grc' dir='ltr'>τά</span> <span class='ocrx_word' id='word_1_26' title='bbox 567 384 758 463; x_wconf 73' lang='grc' dir='ltr'>εὐτυχέστατα</span> <span class='ocrx_word' id='word_1_27' title='bbox 786 384 975 464; x_wconf 79' lang='grc' dir='ltr'>ἐκλεγόμενος,</span> 
     </span>
     <span class='ocr_line' id='line_1_6' title="bbox 175 471 977 554; baseline 0 -22"><span class='ocrx_word' id='word_1_28' title='bbox 175 474 254 554; x_wconf 83' lang='grc' dir='ltr'>ἔλεγε</span> <span class='ocrx_word' id='word_1_29' title='bbox 272 473 321 534; x_wconf 89' lang='grc' dir='ltr'>τόν</span> <span class='ocrx_word' id='word_1_30' title='bbox 339 500 370 533; x_wconf 91' lang='grc' dir='ltr'>τε</span> <span class='ocrx_word' id='word_1_31' title='bbox 383 475 608 550; x_wconf 86' lang='grc' dir='ltr'>Ἑλλήσποντον,</span> <span class='ocrx_word' id='word_1_32' title='bbox 624 473 659 535; x_wconf 83' lang='grc' dir='ltr'>ὦς</span> <span class='ocrx_word' id='word_1_33' title='bbox 673 473 821 551; x_wconf 81' lang='grc' dir='ltr'>ζευχθῆναι</span> <span class='ocrx_word' id='word_1_34' title='bbox 835 471 920 551; x_wconf 77' lang='grc' dir='ltr'>χρεόν</span> <span class='ocrx_word' id='word_1_35' title='bbox 936 475 977 549; x_wconf 80' lang='grc' dir='ltr'>εἴη</span> 
     </span>
     <span class='ocr_line' id='line_1_7' title="bbox 173 559 978 641; baseline 0 -21"><span class='ocrx_word' id='word_1_36' title='bbox 173 561 218 620; x_wconf 77' lang='grc' dir='ltr'>ὑπ’</span> <span class='ocrx_word' id='word_1_37' title='bbox 227 561 326 640; x_wconf 82' lang='grc' dir='ltr'>οἷνδρὸς</span> <span class='ocrx_word' id='word_1_38' title='bbox 336 562 463 640; x_wconf 90' lang='grc' dir='ltr'>Πέρσεω,</span> <span class='ocrx_word' id='word_1_39' title='bbox 472 562 524 638; x_wconf 88' lang='grc' dir='ltr'>τήν</span> <span class='ocrx_word' id='word_1_40' title='bbox 537 589 568 622; x_wconf 90' lang='grc' dir='ltr'>τε</span> <span class='ocrx_word' id='word_1_41' title='bbox 579 563 678 621; x_wconf 82' lang='grc' dir='ltr'>ἔλασιν</span> <span class='ocrx_word' id='word_1_42' title='bbox 689 560 878 641; x_wconf 77' lang='grc' dir='ltr'>ἐξηγεόμενος.</span> <span class='ocrx_word' id='word_1_43' title='bbox 898 559 978 625; x_wconf 76' lang='grc' dir='ltr'>οὗτός</span> 
     </span>
     <span class='ocr_line' id='line_1_8' title="bbox 172 647 978 729; baseline -0.002 -20"><span class='ocrx_word' id='word_1_44' title='bbox 172 675 204 709; x_wconf 90' lang='grc' dir='ltr'>τε</span> <span class='ocrx_word' id='word_1_45' title='bbox 224 649 258 726; x_wconf 79' lang='grc' dir='ltr'>δή</span> <span class='ocrx_word' id='word_1_46' title='bbox 283 650 472 729; x_wconf 77' lang='grc' dir='ltr'>χρησμῳδέων</span> <span class='ocrx_word' id='word_1_47' title='bbox 489 650 690 728; x_wconf 78' lang='grc' dir='ltr'>προσεφέρετο,</span> <span class='ocrx_word' id='word_1_48' title='bbox 714 649 760 707; x_wconf 83' lang='grc' dir='ltr'>καὶ</span> <span class='ocrx_word' id='word_1_49' title='bbox 778 647 808 708; x_wconf 83' lang='grc' dir='ltr'>οἵ</span> <span class='ocrx_word' id='word_1_50' title='bbox 827 674 858 708; x_wconf 90' lang='grc' dir='ltr'>τε</span> <span class='ocrx_word' id='word_1_51' title='bbox 880 655 978 708; x_wconf 86' lang='grc' dir='ltr'>Πεισι-</span> 
     </span>
     <span class='ocr_line' id='line_1_9' title="bbox 174 736 954 818; baseline -0.001 -22"><span class='ocrx_word' id='word_1_52' title='bbox 174 737 320 813; x_wconf 89' lang='grc' dir='ltr'>στρατίδαι</span> <span class='ocrx_word' id='word_1_53' title='bbox 335 739 380 796; x_wconf 84' lang='grc' dir='ltr'>καὶ</span> <span class='ocrx_word' id='word_1_54' title='bbox 394 741 421 797; x_wconf 86' lang='grc' dir='ltr'>οἱ</span> <span class='ocrx_word' id='word_1_55' title='bbox 432 738 582 797; x_wconf 81' lang='grc' dir='ltr'>Ἀλευάδαι</span> <span class='ocrx_word' id='word_1_56' title='bbox 595 736 707 818; x_wconf 77' lang='grc' dir='ltr'>γνώμας</span> <span class='ocrx_word' id='word_1_57' title='bbox 720 736 954 813; x_wconf 76' lang='grc' dir='ltr'>ἀποδεικνύμενοι.</span> 
     </span>
     <span class='ocr_line' id='line_1_10' title="bbox 213 825 1010 906; baseline 0.004 -22"><span class='ocrx_word' id='word_1_58' title='bbox 213 825 262 888; x_wconf 88' lang='grc' dir='ltr'>Ὡς</span> <span class='ocrx_word' id='word_1_59' title='bbox 284 825 315 884; x_wconf 82' lang='grc' dir='ltr'>δὲ</span> <span class='ocrx_word' id='word_1_60' title='bbox 333 825 495 906; x_wconf 78' lang='grc' dir='ltr'>ἀνεγνώσθη</span> <span class='ocrx_word' id='word_1_61' title='bbox 512 825 617 902; x_wconf 75' lang='grc' dir='ltr'>Ξέρξης</span> <span class='ocrx_word' id='word_1_62' title='bbox 636 825 840 901; x_wconf 81' lang='grc' dir='ltr'>στρατεύεσθαι</span> <span class='ocrx_word' id='word_1_63' title='bbox 862 825 907 883; x_wconf 80' lang='grc' dir='ltr'>ἐπὶ</span> <span class='ocrx_word' id='word_1_64' title='bbox 925 826 977 901; x_wconf 83' lang='grc' dir='ltr'>τήν</span> <span class='ocrx_word' id='word_1_65' title='bbox 994 826 1010 886; x_wconf 85' lang='grc'><strong>7</strong></span> 
     </span>
    </p>

    <p class='ocr_par' dir='ltr' id='par_1_3' title="bbox 93 911 1010 3354">
     <span class='ocr_line' id='line_1_11' title="bbox 173 911 979 992; baseline 0.004 -21"><span class='ocrx_word' id='word_1_66' title='bbox 173 911 311 982; x_wconf 86' lang='grc' dir='ltr'>Ἑλλάδα,</span> <span class='ocrx_word' id='word_1_67' title='bbox 323 914 442 972; x_wconf 79' lang='grc' dir='ltr'>ἐνθαῦτα</span> <span class='ocrx_word' id='word_1_68' title='bbox 456 913 571 992; x_wconf 76' lang='grc' dir='ltr'>δευτέρῳ</span> <span class='ocrx_word' id='word_1_69' title='bbox 581 915 632 989; x_wconf 78' lang='grc' dir='ltr'>μὲν</span> <span class='ocrx_word' id='word_1_70' title='bbox 646 913 699 971; x_wconf 85' lang='grc' dir='ltr'>έτεῖ</span> <span class='ocrx_word' id='word_1_71' title='bbox 712 912 784 988; x_wconf 78' lang='grc' dir='ltr'>μετὰ</span> <span class='ocrx_word' id='word_1_72' title='bbox 796 912 846 972; x_wconf 82' lang='grc' dir='ltr'>τόν</span> <span class='ocrx_word' id='word_1_73' title='bbox 860 911 979 974; x_wconf 86' lang='grc' dir='ltr'>θάνατον</span> 
     </span>
     <span class='ocr_line' id='line_1_12' title="bbox 174 999 979 1077; baseline -0.002 -17"><span class='ocrx_word' id='word_1_74' title='bbox 174 999 225 1060; x_wconf 78' lang='grc' dir='ltr'>τόν</span> <span class='ocrx_word' id='word_1_75' title='bbox 248 1000 377 1076; x_wconf 85' lang='grc' dir='ltr'>Δαρείου,</span> <span class='ocrx_word' id='word_1_76' title='bbox 401 1003 498 1077; x_wconf 82' lang='grc' dir='ltr'>πρῶτα</span> <span class='ocrx_word' id='word_1_77' title='bbox 522 999 675 1076; x_wconf 79' lang='grc' dir='ltr'>στρατηίην</span> <span class='ocrx_word' id='word_1_78' title='bbox 699 999 823 1058; x_wconf 84' lang='grc' dir='ltr'>ποιέεται</span> <span class='ocrx_word' id='word_1_79' title='bbox 847 999 893 1057; x_wconf 86' lang='grc' dir='ltr'>ε’πὶ</span> <span class='ocrx_word' id='word_1_80' title='bbox 915 999 979 1063; x_wconf 75' lang='grc' dir='ltr'>τούς</span> 
     </span>
     <span class='ocr_line' id='line_1_13' title="bbox 176 1085 979 1164; baseline 0 -19"><span class='ocrx_word' id='word_1_81' title='bbox 176 1085 365 1150; x_wconf 78' lang='grc' dir='ltr'>ἀπεστεῶτας.</span> <span class='ocrx_word' id='word_1_82' title='bbox 398 1085 513 1151; x_wconf 73' lang='grc' dir='ltr'>τούτους</span> <span class='ocrx_word' id='word_1_83' title='bbox 525 1087 578 1164; x_wconf 89' lang='grc' dir='ltr'>μέν</span> <span class='ocrx_word' id='word_1_84' title='bbox 590 1111 639 1146; x_wconf 89' lang='grc' dir='ltr'>νυν</span> <span class='ocrx_word' id='word_1_85' title='bbox 652 1085 923 1164; x_wconf 82' lang='grc' dir='ltr'>καταστρεψάμενος,</span> <span class='ocrx_word' id='word_1_86' title='bbox 933 1087 979 1146; x_wconf 83' lang='grc' dir='ltr'>καὶ</span> 
     </span>
     <span class='ocr_line' id='line_1_14' title="bbox 176 1173 979 1255; baseline 0.002 -23"><span class='ocrx_word' id='word_1_87' title='bbox 176 1175 319 1255; x_wconf 83' lang='grc' dir='ltr'>Αἴγυπτον</span> <span class='ocrx_word' id='word_1_88' title='bbox 336 1179 434 1234; x_wconf 78' lang='grc' dir='ltr'>πᾶσαν</span> <span class='ocrx_word' id='word_1_89' title='bbox 453 1173 565 1236; x_wconf 80' lang='grc' dir='ltr'>πολλόν</span> <span class='ocrx_word' id='word_1_90' title='bbox 585 1173 753 1252; x_wconf 71' lang='grc' dir='ltr'>δουλοτέρην</span> <span class='ocrx_word' id='word_1_91' title='bbox 765 1173 888 1249; x_wconf 85' lang='grc' dir='ltr'>ποιήσας</span> <span class='ocrx_word' id='word_1_92' title='bbox 900 1173 919 1251; x_wconf 83' lang='grc' dir='ltr'>ἢ</span> <span class='ocrx_word' id='word_1_93' title='bbox 933 1175 979 1234; x_wconf 84' lang='grc' dir='ltr'>ε’πὶ</span> 
     </span>
     <span class='ocr_line' id='line_1_15' title="bbox 177 1261 978 1343; baseline 0.004 -24"><span class='ocrx_word' id='word_1_94' title='bbox 177 1263 297 1338; x_wconf 85' lang='grc' dir='ltr'>Δαρείου</span> <span class='ocrx_word' id='word_1_95' title='bbox 316 1261 359 1339; x_wconf 80' lang='grc' dir='ltr'>ἦν,</span> <span class='ocrx_word' id='word_1_96' title='bbox 374 1265 513 1341; x_wconf 77' lang='grc' dir='ltr'>ἐπιτρέπει</span> <span class='ocrx_word' id='word_1_97' title='bbox 525 1263 693 1343; x_wconf 82' lang='grc' dir='ltr'>Ἀχαιμένεϊ,</span> <span class='ocrx_word' id='word_1_98' title='bbox 708 1262 838 1342; x_wconf 74' lang='grc' dir='ltr'>ἀδελφεῷ</span> <span class='ocrx_word' id='word_1_99' title='bbox 849 1265 901 1340; x_wconf 77' lang='grc' dir='ltr'>μὲν</span> <span class='ocrx_word' id='word_1_100' title='bbox 915 1266 978 1322; x_wconf 87' lang='grc' dir='ltr'>έωυ-</span> 
     </span>
     <span class='ocr_line' id='line_1_16' title="bbox 176 1351 976 1432; baseline 0.005 -24"><span class='ocrx_word' id='word_1_101' title='bbox 176 1354 225 1409; x_wconf 85' lang='grc' dir='ltr'>τοῦ</span> <span class='ocrx_word' id='word_1_102' title='bbox 236 1351 358 1428; x_wconf 80' lang='grc' dir='ltr'>’Δαρείου</span> <span class='ocrx_word' id='word_1_103' title='bbox 377 1352 406 1411; x_wconf 78' lang='grc' dir='ltr'>δὲ</span> <span class='ocrx_word' id='word_1_104' title='bbox 424 1352 512 1412; x_wconf 87' lang='grc' dir='ltr'>παιδί.</span> <span class='ocrx_word' id='word_1_105' title='bbox 552 1351 721 1432; x_wconf 84' lang='grc' dir='ltr'>Ἀχαιμένεα</span> <span class='ocrx_word' id='word_1_106' title='bbox 740 1351 793 1429; x_wconf 92' lang='grc' dir='ltr'>μέν</span> <span class='ocrx_word' id='word_1_107' title='bbox 807 1374 856 1412; x_wconf 89' lang='grc' dir='ltr'>νυν</span> <span class='ocrx_word' id='word_1_108' title='bbox 869 1356 976 1430; x_wconf 88' lang='grc' dir='ltr'>ε’πιτρο-</span> 
     </span>
     <span class='ocr_line' id='line_1_17' title="bbox 176 1438 977 1520; baseline 0.005 -25"><span class='ocrx_word' id='word_1_109' title='bbox 176 1438 294 1498; x_wconf 83' lang='grc' dir='ltr'>πεύοντα</span> <span class='ocrx_word' id='word_1_110' title='bbox 312 1439 455 1520; x_wconf 73' lang='grc' dir='ltr'>Αἰγύπτου</span> <span class='ocrx_word' id='word_1_111' title='bbox 473 1440 564 1520; x_wconf 86' lang='grc' dir='ltr'>χρόνῳ</span> <span class='ocrx_word' id='word_1_112' title='bbox 584 1441 733 1517; x_wconf 84' lang='grc' dir='ltr'>μετέπειτα</span> <span class='ocrx_word' id='word_1_113' title='bbox 751 1439 888 1516; x_wconf 82' lang='grc' dir='ltr'>ἐφόνευσε</span> <span class='ocrx_word' id='word_1_114' title='bbox 907 1439 977 1500; x_wconf 90' lang='grc' dir='ltr'>Ἰνά-</span> 
     </span>
     <span class='ocr_line' id='line_1_18' title="bbox 175 1526 1010 1608; baseline 0.005 -24"><span class='ocrx_word' id='word_1_115' title='bbox 175 1551 228 1601; x_wconf 89' lang='grc' dir='ltr'>ρως</span> <span class='ocrx_word' id='word_1_116' title='bbox 247 1526 264 1586; x_wconf 81' lang='grc' dir='ltr'>ὁ</span> <span class='ocrx_word' id='word_1_117' title='bbox 284 1528 471 1608; x_wconf 79' lang='grc' dir='ltr'>Ψαμμιτίχου,</span> <span class='ocrx_word' id='word_1_118' title='bbox 493 1528 563 1606; x_wconf 81' lang='grc' dir='ltr'>ἁνήρ</span> <span class='ocrx_word' id='word_1_119' title='bbox 583 1529 685 1605; x_wconf 80' lang='grc' dir='ltr'>Λίβυς.</span> <span class='ocrx_word' id='word_1_120' title='bbox 727 1529 834 1606; x_wconf 76' lang='grc' dir='ltr'>Ξέρξης</span> <span class='ocrx_word' id='word_1_121' title='bbox 856 1528 886 1588; x_wconf 84' lang='grc' dir='ltr'>δὲ</span> <span class='ocrx_word' id='word_1_122' title='bbox 905 1527 1010 1606; x_wconf 77' lang='grc' dir='ltr'>μετά8</span> 
     </span>
     <span class='ocr_line' id='line_1_19' title="bbox 175 1614 975 1696; baseline 0.005 -24"><span class='ocrx_word' id='word_1_123' title='bbox 175 1614 317 1696; x_wconf 81' lang='grc' dir='ltr'>Αἰγύπτου</span> <span class='ocrx_word' id='word_1_124' title='bbox 337 1615 453 1691; x_wconf 77' lang='grc' dir='ltr'>ἅλωσιν,</span> <span class='ocrx_word' id='word_1_125' title='bbox 468 1615 503 1680; x_wconf 81' lang='grc' dir='ltr'>ὦς</span> <span class='ocrx_word' id='word_1_126' title='bbox 519 1618 621 1693; x_wconf 79' lang='grc' dir='ltr'>ἔμελλε</span> <span class='ocrx_word' id='word_1_127' title='bbox 642 1621 670 1680; x_wconf 87' lang='grc' dir='ltr'>ές</span> <span class='ocrx_word' id='word_1_128' title='bbox 688 1619 784 1696; x_wconf 77' lang='grc' dir='ltr'>χεῖρας</span> <span class='ocrx_word' id='word_1_129' title='bbox 805 1615 922 1686; x_wconf 77' lang='grc' dir='ltr'>ἄξεσθαι</span> <span class='ocrx_word' id='word_1_130' title='bbox 941 1615 975 1676; x_wconf 78' lang='grc' dir='ltr'>τό</span> 
     </span>
     <span class='ocr_line' id='line_1_20' title="bbox 176 1701 976 1786; baseline 0.005 -26"><span class='ocrx_word' id='word_1_131' title='bbox 176 1701 335 1780; x_wconf 86' lang='grc' dir='ltr'>στράτευμα</span> <span class='ocrx_word' id='word_1_132' title='bbox 347 1703 380 1763; x_wconf 79' lang='grc' dir='ltr'>τό</span> <span class='ocrx_word' id='word_1_133' title='bbox 394 1704 440 1763; x_wconf 86' lang='grc' dir='ltr'>ε’πὶ</span> <span class='ocrx_word' id='word_1_134' title='bbox 452 1704 502 1768; x_wconf 79' lang='grc' dir='ltr'>τάς</span> <span class='ocrx_word' id='word_1_135' title='bbox 514 1703 643 1780; x_wconf 88' lang='grc' dir='ltr'>Ἀθήνας,</span> <span class='ocrx_word' id='word_1_136' title='bbox 658 1703 804 1786; x_wconf 74' lang='grc' dir='ltr'>σύλλογον</span> <span class='ocrx_word' id='word_1_137' title='bbox 825 1705 976 1780; x_wconf 80' lang='grc' dir='ltr'>ἐπίκλητον</span> 
     </span>
     <span class='ocr_line' id='line_1_21' title="bbox 176 1790 976 1871; baseline 0.003 -24"><span class='ocrx_word' id='word_1_138' title='bbox 176 1792 308 1866; x_wconf 90' lang='grc' dir='ltr'>Περσέων</span> <span class='ocrx_word' id='word_1_139' title='bbox 327 1795 382 1851; x_wconf 76' lang='grc' dir='ltr'>τῶν</span> <span class='ocrx_word' id='word_1_140' title='bbox 402 1791 523 1868; x_wconf 79' lang='grc' dir='ltr'>ἀρίστων</span> <span class='ocrx_word' id='word_1_141' title='bbox 544 1793 674 1862; x_wconf 81' lang='grc' dir='ltr'>ἐποιέετο,</span> <span class='ocrx_word' id='word_1_142' title='bbox 690 1792 734 1850; x_wconf 80' lang='grc' dir='ltr'>ἵνα</span> <span class='ocrx_word' id='word_1_143' title='bbox 754 1790 865 1871; x_wconf 89' lang='grc' dir='ltr'>γνώμας</span> <span class='ocrx_word' id='word_1_144' title='bbox 881 1817 912 1850; x_wconf 87' lang='grc' dir='ltr'>τε</span> <span class='ocrx_word' id='word_1_145' title='bbox 924 1790 976 1850; x_wconf 80' lang='grc' dir='ltr'>πώ-</span> 
     </span>
     <span class='ocr_line' id='line_1_22' title="bbox 176 1877 976 1955; baseline 0 -19"><span class='ocrx_word' id='word_1_146' title='bbox 176 1877 257 1953; x_wconf 88' lang='grc' dir='ltr'>θηται</span> <span class='ocrx_word' id='word_1_147' title='bbox 269 1879 366 1953; x_wconf 88' lang='grc' dir='ltr'>σφέων</span> <span class='ocrx_word' id='word_1_148' title='bbox 380 1879 425 1936; x_wconf 84' lang='grc' dir='ltr'>καὶ</span> <span class='ocrx_word' id='word_1_149' title='bbox 438 1878 520 1941; x_wconf 76' lang='grc' dir='ltr'>αὐτός</span> <span class='ocrx_word' id='word_1_150' title='bbox 533 1883 562 1938; x_wconf 81' lang='grc' dir='ltr'>έν</span> <span class='ocrx_word' id='word_1_151' title='bbox 575 1883 648 1938; x_wconf 78' lang='grc' dir='ltr'>πᾶσι</span> <span class='ocrx_word' id='word_1_152' title='bbox 661 1879 725 1955; x_wconf 85' lang='grc' dir='ltr'>εἶπη</span> <span class='ocrx_word' id='word_1_153' title='bbox 738 1877 774 1936; x_wconf 80' lang='grc' dir='ltr'>τά</span> <span class='ocrx_word' id='word_1_154' title='bbox 788 1879 875 1940; x_wconf 88' lang='grc' dir='ltr'>θέλει·</span> <span class='ocrx_word' id='word_1_155' title='bbox 898 1877 933 1940; x_wconf 82' lang='grc' dir='ltr'>ὦς</span> <span class='ocrx_word' id='word_1_156' title='bbox 946 1878 976 1936; x_wconf 78' lang='grc' dir='ltr'>δὲ</span> 
     </span>
     <span class='ocr_line' id='line_1_23' title="bbox 175 1963 974 2042; baseline 0 -20"><span class='ocrx_word' id='word_1_157' title='bbox 175 1965 396 2042; x_wconf 87' lang='grc' dir='ltr'>συνελέχθησαν,</span> <span class='ocrx_word' id='word_1_158' title='bbox 411 1965 487 2033; x_wconf 82' lang='grc' dir='ltr'>ἔλεξε</span> <span class='ocrx_word' id='word_1_159' title='bbox 500 1965 606 2041; x_wconf 73' lang='grc' dir='ltr'>Ξέρξης</span> <span class='ocrx_word' id='word_1_160' title='bbox 620 1964 696 2024; x_wconf 88' lang='grc' dir='ltr'>τάδε·</span> <span class='ocrx_word' id='word_1_161' title='bbox 717 1975 735 2000; x_wconf 90' lang='grc'><strong>“</strong></span> <span class='ocrx_word' id='word_1_162' title='bbox 744 1963 840 2040; x_wconf 81' lang='grc' dir='ltr'>ἄνδρες</span> <span class='ocrx_word' id='word_1_163' title='bbox 853 1965 974 2040; x_wconf 86' lang='grc' dir='ltr'>Πέρσαι,</span> 
     </span>
     <span class='ocr_line' id='line_1_24' title="bbox 176 2049 975 2130; baseline 0.008 -22"><span class='ocrx_word' id='word_1_164' title='bbox 176 2050 231 2110; x_wconf 78' lang='grc' dir='ltr'>οὔτ’</span> <span class='ocrx_word' id='word_1_165' title='bbox 245 2050 326 2114; x_wconf 76' lang='grc' dir='ltr'>αὐτὸς</span> <span class='ocrx_word' id='word_1_166' title='bbox 347 2050 542 2130; x_wconf 79' lang='grc' dir='ltr'>κατηγήσομαι</span> <span class='ocrx_word' id='word_1_167' title='bbox 562 2050 648 2127; x_wconf 86' lang='grc' dir='ltr'>νόμον</span> <span class='ocrx_word' id='word_1_168' title='bbox 667 2049 747 2110; x_wconf 87' lang='grc' dir='ltr'>τόνδε</span> <span class='ocrx_word' id='word_1_169' title='bbox 761 2055 789 2110; x_wconf 79' lang='grc' dir='ltr'>ἓν</span> <span class='ocrx_word' id='word_1_170' title='bbox 802 2049 869 2126; x_wconf 69' lang='grc' dir='ltr'>ὑμῖν</span> <span class='ocrx_word' id='word_1_171' title='bbox 881 2051 975 2120; x_wconf 79' lang='grc' dir='ltr'>τιθεὶς,</span> 
     </span>
     <span class='ocr_line' id='line_1_25' title="bbox 175 2136 976 2219; baseline 0.006 -26"><span class='ocrx_word' id='word_1_172' title='bbox 175 2136 398 2214; x_wconf 86' lang='grc' dir='ltr'>παραδεξάμενός</span> <span class='ocrx_word' id='word_1_173' title='bbox 413 2163 444 2196; x_wconf 92' lang='grc' dir='ltr'>τε</span> <span class='ocrx_word' id='word_1_174' title='bbox 462 2137 536 2216; x_wconf 71' lang='grc' dir='ltr'>αύτῷ</span> <span class='ocrx_word' id='word_1_175' title='bbox 548 2137 703 2217; x_wconf 86' lang='grc' dir='ltr'>χρήσομαι·</span> <span class='ocrx_word' id='word_1_176' title='bbox 725 2136 761 2200; x_wconf 80' lang='grc' dir='ltr'>ὥς</span> <span class='ocrx_word' id='word_1_177' title='bbox 773 2137 828 2219; x_wconf 78' lang='grc' dir='ltr'>γάρ</span> <span class='ocrx_word' id='word_1_178' title='bbox 844 2137 897 2218; x_wconf 79' lang='grc' dir='ltr'>ἐγώ</span> <span class='ocrx_word' id='word_1_179' title='bbox 910 2163 976 2198; x_wconf 86' lang='grc' dir='ltr'>πυν-</span> 
     </span>
     <span class='ocr_line' id='line_1_26' title="bbox 175 2223 975 2304; baseline 0.006 -22"><span class='ocrx_word' id='word_1_180' title='bbox 175 2223 294 2300; x_wconf 86' lang='grc' dir='ltr'>θάνομαι</span> <span class='ocrx_word' id='word_1_181' title='bbox 307 2229 362 2285; x_wconf 76' lang='grc' dir='ltr'>τῶν</span> <span class='ocrx_word' id='word_1_182' title='bbox 374 2225 581 2304; x_wconf 86' lang='grc' dir='ltr'>πρεσβυτέρων,</span> <span class='ocrx_word' id='word_1_183' title='bbox 595 2223 704 2302; x_wconf 72' lang='grc' dir='ltr'>σιίδαμά</span> <span class='ocrx_word' id='word_1_184' title='bbox 717 2252 755 2284; x_wconf 91' lang='grc' dir='ltr'>κω</span> <span class='ocrx_word' id='word_1_185' title='bbox 768 2225 975 2304; x_wconf 74' lang='grc' dir='ltr'>ἠτρεμήσαμεν,</span> 
     </span>
     <span class='ocr_line' id='line_1_27' title="bbox 175 2311 976 2394; baseline 0.005 -24"><span class='ocrx_word' id='word_1_186' title='bbox 175 2313 237 2371; x_wconf 88' lang='grc' dir='ltr'>έπεί</span> <span class='ocrx_word' id='word_1_187' title='bbox 260 2337 292 2372; x_wconf 86' lang='grc' dir='ltr'>τε</span> <span class='ocrx_word' id='word_1_188' title='bbox 317 2311 520 2390; x_wconf 81' lang='grc' dir='ltr'>παρελάβομεν</span> <span class='ocrx_word' id='word_1_189' title='bbox 542 2313 594 2390; x_wconf 78' lang='grc' dir='ltr'>τήν</span> <span class='ocrx_word' id='word_1_190' title='bbox 619 2312 770 2394; x_wconf 86' lang='grc' dir='ltr'>ήγεμονίην</span> <span class='ocrx_word' id='word_1_191' title='bbox 795 2314 877 2390; x_wconf 86' lang='grc' dir='ltr'>τήνδε</span> <span class='ocrx_word' id='word_1_192' title='bbox 899 2315 976 2392; x_wconf 86' lang='grc' dir='ltr'>παραὶ</span> 
     </span>
     <span class='ocr_line' id='line_1_28' title="bbox 175 2399 976 2483; baseline 0.007 -25"><span class='ocrx_word' id='word_1_193' title='bbox 175 2399 280 2476; x_wconf 86' lang='grc' dir='ltr'>Μήδων</span> <span class='ocrx_word' id='word_1_194' title='bbox 293 2401 389 2479; x_wconf 83' lang='grc' dir='ltr'>Κύρου</span> <span class='ocrx_word' id='word_1_195' title='bbox 410 2401 576 2465; x_wconf 86' lang='grc' dir='ltr'>κατελόντος</span> <span class='ocrx_word' id='word_1_196' title='bbox 587 2401 757 2483; x_wconf 87' lang='grc' dir='ltr'>Ἀστυάγεα·</span> <span class='ocrx_word' id='word_1_197' title='bbox 778 2401 857 2462; x_wconf 82' lang='grc' dir='ltr'>άλλιὶ</span> <span class='ocrx_word' id='word_1_198' title='bbox 871 2403 933 2466; x_wconf 87' lang='grc' dir='ltr'>θεός</span> <span class='ocrx_word' id='word_1_199' title='bbox 945 2429 976 2464; x_wconf 86' lang='grc' dir='ltr'>τε</span> 
     </span>
     <span class='ocr_line' id='line_1_29' title="bbox 176 2481 975 2570; baseline 0.006 -23"><span class='ocrx_word' id='word_1_200' title='bbox 176 2481 245 2547; x_wconf 77' lang='grc' dir='ltr'>οὕτω</span> <span class='ocrx_word' id='word_1_201' title='bbox 264 2489 333 2570; x_wconf 85' lang='grc' dir='ltr'>άγει,</span> <span class='ocrx_word' id='word_1_202' title='bbox 349 2491 395 2549; x_wconf 85' lang='grc' dir='ltr'>καὶ</span> <span class='ocrx_word' id='word_1_203' title='bbox 412 2489 523 2550; x_wconf 72' lang='grc' dir='ltr'>αὐτοῖσι</span> <span class='ocrx_word' id='word_1_204' title='bbox 544 2489 612 2568; x_wconf 79' lang='grc' dir='ltr'>ἡμῖν</span> <span class='ocrx_word' id='word_1_205' title='bbox 631 2490 729 2550; x_wconf 85' lang='grc' dir='ltr'>πολλοὶ</span> <span class='ocrx_word' id='word_1_206' title='bbox 750 2492 886 2552; x_wconf 81' lang='grc' dir='ltr'>ἐπέπουσι</span> <span class='ocrx_word' id='word_1_207' title='bbox 903 2517 975 2570; x_wconf 91' lang='grc' dir='ltr'>συμ-</span> 
     </span>
     <span class='ocr_line' id='line_1_30' title="bbox 175 2575 974 2656; baseline 0.008 -23"><span class='ocrx_word' id='word_1_208' title='bbox 175 2575 290 2652; x_wconf 89' lang='grc' dir='ltr'>φέρεται</span> <span class='ocrx_word' id='word_1_209' title='bbox 307 2578 353 2636; x_wconf 84' lang='grc' dir='ltr'>έτὶ</span> <span class='ocrx_word' id='word_1_210' title='bbox 372 2578 406 2639; x_wconf 80' lang='grc' dir='ltr'>τό</span> <span class='ocrx_word' id='word_1_211' title='bbox 426 2577 544 2656; x_wconf 81' lang='grc' dir='ltr'>άμεινον.</span> <span class='ocrx_word' id='word_1_212' title='bbox 587 2577 623 2638; x_wconf 81' lang='grc' dir='ltr'>τά</span> <span class='ocrx_word' id='word_1_213' title='bbox 635 2580 687 2656; x_wconf 91' lang='grc' dir='ltr'>μέν</span> <span class='ocrx_word' id='word_1_214' title='bbox 702 2605 750 2640; x_wconf 92' lang='grc' dir='ltr'>νυν</span> <span class='ocrx_word' id='word_1_215' title='bbox 764 2579 858 2656; x_wconf 80' lang='grc' dir='ltr'>Κῦρός</span> <span class='ocrx_word' id='word_1_216' title='bbox 877 2606 908 2640; x_wconf 92' lang='grc' dir='ltr'>τε</span> <span class='ocrx_word' id='word_1_217' title='bbox 928 2581 974 2640; x_wconf 85' lang='grc' dir='ltr'>καὶ</span> 
     </span>
     <span class='ocr_line' id='line_1_31' title="bbox 93 2665 975 2748; baseline 0.011 -30"><span class='ocrx_word' id='word_1_218' title='bbox 93 2679 96 2688; x_wconf 87' lang='grc'><strong>’</strong></span> <span class='ocrx_word' id='word_1_219' title='bbox 175 2665 337 2740; x_wconf 79' lang='grc' dir='ltr'>Καμβύσης</span> <span class='ocrx_word' id='word_1_220' title='bbox 360 2665 453 2745; x_wconf 90' lang='grc' dir='ltr'>πατήρ</span> <span class='ocrx_word' id='word_1_221' title='bbox 476 2693 507 2727; x_wconf 91' lang='grc' dir='ltr'>τε</span> <span class='ocrx_word' id='word_1_222' title='bbox 531 2665 597 2744; x_wconf 78' lang='grc' dir='ltr'>ἐμός</span> <span class='ocrx_word' id='word_1_223' title='bbox 621 2671 739 2744; x_wconf 84' lang='grc' dir='ltr'>Δαρεῖος</span> <span class='ocrx_word' id='word_1_224' title='bbox 765 2667 975 2748; x_wconf 84' lang='grc' dir='ltr'>κατεργάσαντο</span> 
     </span>
     <span class='ocr_line' id='line_1_32' title="bbox 176 2748 975 2832; baseline 0.015 -28"><span class='ocrx_word' id='word_1_225' title='bbox 176 2748 222 2805; x_wconf 87' lang='grc' dir='ltr'>καὶ</span> <span class='ocrx_word' id='word_1_226' title='bbox 240 2754 470 2828; x_wconf 90' lang='grc' dir='ltr'>προσεκτήσαντο</span> <span class='ocrx_word' id='word_1_227' title='bbox 488 2756 575 2825; x_wconf 81' lang='grc' dir='ltr'>ἔθνεα,</span> <span class='ocrx_word' id='word_1_228' title='bbox 590 2756 803 2832; x_wconf 80' lang='grc' dir='ltr'>ἐπισταμένοισι</span> <span class='ocrx_word' id='word_1_229' title='bbox 825 2754 854 2814; x_wconf 74' lang='grc' dir='ltr'>εὖ</span> <span class='ocrx_word' id='word_1_230' title='bbox 873 2755 923 2815; x_wconf 79' lang='grc' dir='ltr'>οὐκ</span> <span class='ocrx_word' id='word_1_231' title='bbox 940 2756 975 2816; x_wconf 80' lang='grc' dir='ltr'>ἅν</span> 
     </span>
     <span class='ocr_line' id='line_1_33' title="bbox 174 2838 974 2921; baseline 0.013 -27"><span class='ocrx_word' id='word_1_232' title='bbox 174 2860 217 2897; x_wconf 92' lang='grc' dir='ltr'>τις</span> <span class='ocrx_word' id='word_1_233' title='bbox 237 2838 326 2918; x_wconf 88' lang='grc' dir='ltr'>λέγοι·</span> <span class='ocrx_word' id='word_1_234' title='bbox 350 2841 403 2920; x_wconf 79' lang='grc' dir='ltr'>ἐγώ</span> <span class='ocrx_word' id='word_1_235' title='bbox 425 2841 455 2900; x_wconf 82' lang='grc' dir='ltr'>δὲ</span> <span class='ocrx_word' id='word_1_236' title='bbox 476 2843 538 2902; x_wconf 86' lang='grc' dir='ltr'>έπεί</span> <span class='ocrx_word' id='word_1_237' title='bbox 555 2869 587 2904; x_wconf 89' lang='grc' dir='ltr'>τε</span> <span class='ocrx_word' id='word_1_238' title='bbox 608 2843 774 2920; x_wconf 88' lang='grc' dir='ltr'>παρέλαβον</span> <span class='ocrx_word' id='word_1_239' title='bbox 794 2843 844 2904; x_wconf 79' lang='grc' dir='ltr'>τόν</span> <span class='ocrx_word' id='word_1_240' title='bbox 866 2843 974 2921; x_wconf 89' lang='grc' dir='ltr'>θρόνον,</span> 
     </span>
     <span class='ocr_line' id='line_1_34' title="bbox 174 2925 973 3009; baseline 0.014 -29"><span class='ocrx_word' id='word_1_241' title='bbox 174 2925 258 2982; x_wconf 77' lang='grc' dir='ltr'>τοῦτο</span> <span class='ocrx_word' id='word_1_242' title='bbox 279 2925 448 3002; x_wconf 78' lang='grc' dir='ltr'>ἐφρόντιζον,</span> <span class='ocrx_word' id='word_1_243' title='bbox 462 2927 531 2992; x_wconf 81' lang='grc' dir='ltr'>ὅκως</span> <span class='ocrx_word' id='word_1_244' title='bbox 549 2930 590 3008; x_wconf 85' lang='grc' dir='ltr'>μή</span> <span class='ocrx_word' id='word_1_245' title='bbox 611 2931 746 3009; x_wconf 77' lang='grc' dir='ltr'>λείψομαι</span> <span class='ocrx_word' id='word_1_246' title='bbox 763 2935 819 2991; x_wconf 80' lang='grc' dir='ltr'>τῶν</span> <span class='ocrx_word' id='word_1_247' title='bbox 836 2931 973 3008; x_wconf 85' lang='grc' dir='ltr'>πρότερον</span> 
     </span>
     <span class='ocr_line' id='line_1_35' title="bbox 174 3013 975 3096; baseline 0.009 -27"><span class='ocrx_word' id='word_1_248' title='bbox 174 3013 328 3090; x_wconf 88' lang='grc' dir='ltr'>γενομένων</span> <span class='ocrx_word' id='word_1_249' title='bbox 341 3019 370 3073; x_wconf 87' lang='grc' dir='ltr'>έν</span> <span class='ocrx_word' id='word_1_250' title='bbox 381 3019 450 3094; x_wconf 76' lang='grc' dir='ltr'>τιμῇ</span> <span class='ocrx_word' id='word_1_251' title='bbox 462 3017 537 3094; x_wconf 74' lang='grc' dir='ltr'>τῇδε,</span> <span class='ocrx_word' id='word_1_252' title='bbox 547 3018 617 3095; x_wconf 78' lang='grc' dir='ltr'>μηδὲ</span> <span class='ocrx_word' id='word_1_253' title='bbox 629 3017 743 3078; x_wconf 87' lang='grc' dir='ltr'>έλάσσω</span> <span class='ocrx_word' id='word_1_254' title='bbox 756 3018 975 3096; x_wconf 89' lang='grc' dir='ltr'>προσκτήσομαι</span> 
     </span>
     <span class='ocr_line' id='line_1_36' title="bbox 174 3097 976 3183; baseline 0.009 -26"><span class='ocrx_word' id='word_1_255' title='bbox 174 3097 289 3176; x_wconf 77' lang='grc' dir='ltr'>δύναμιν</span> <span class='ocrx_word' id='word_1_256' title='bbox 302 3103 445 3182; x_wconf 86' lang='grc' dir='ltr'>Πέρσησι.</span> <span class='ocrx_word' id='word_1_257' title='bbox 486 3106 639 3181; x_wconf 85' lang='grc' dir='ltr'>φροντίζων</span> <span class='ocrx_word' id='word_1_258' title='bbox 660 3106 689 3165; x_wconf 78' lang='grc' dir='ltr'>δὲ</span> <span class='ocrx_word' id='word_1_259' title='bbox 708 3105 825 3183; x_wconf 76' lang='grc' dir='ltr'>εόρίσκω</span> <span class='ocrx_word' id='word_1_260' title='bbox 845 3103 904 3180; x_wconf 82' lang='grc' dir='ltr'>ἅμα</span> <span class='ocrx_word' id='word_1_261' title='bbox 923 3107 976 3180; x_wconf 81' lang='grc' dir='ltr'>μὲν</span> 
     </span>
     <span class='ocr_line' id='line_1_37' title="bbox 174 3187 974 3274; baseline 0.008 -28"><span class='ocrx_word' id='word_1_262' title='bbox 174 3187 255 3252; x_wconf 82' lang='grc' dir='ltr'>κῦδος</span> <span class='ocrx_word' id='word_1_263' title='bbox 277 3189 346 3268; x_wconf 83' lang='grc' dir='ltr'>ήμῖν</span> <span class='ocrx_word' id='word_1_264' title='bbox 367 3217 400 3251; x_wconf 91' lang='grc' dir='ltr'>τε</span> <span class='ocrx_word' id='word_1_265' title='bbox 425 3192 655 3274; x_wconf 86' lang='grc' dir='ltr'>προσγινόμενον,</span> <span class='ocrx_word' id='word_1_266' title='bbox 680 3193 773 3272; x_wconf 87' lang='grc' dir='ltr'>χώρην</span> <span class='ocrx_word' id='word_1_267' title='bbox 796 3217 827 3250; x_wconf 91' lang='grc' dir='ltr'>τε</span> <span class='ocrx_word' id='word_1_268' title='bbox 850 3195 901 3265; x_wconf 84' lang='grc' dir='ltr'>τῆς</span> <span class='ocrx_word' id='word_1_269' title='bbox 925 3195 974 3252; x_wconf 80' lang='grc' dir='ltr'>νῦν</span> 
     </span>
     <span class='ocr_line' id='line_1_38' title="bbox 174 3276 975 3354; baseline 0.004 -20"><span class='ocrx_word' id='word_1_270' title='bbox 174 3276 313 3354; x_wconf 80' lang='grc' dir='ltr'>ἐκτήμεθα</span> <span class='ocrx_word' id='word_1_271' title='bbox 333 3279 384 3340; x_wconf 76' lang='grc' dir='ltr'>οὐκ</span> <span class='ocrx_word' id='word_1_272' title='bbox 405 3277 551 3340; x_wconf 78' lang='grc' dir='ltr'>ἐλάσσονα</span> <span class='ocrx_word' id='word_1_273' title='bbox 569 3279 631 3340; x_wconf 78' lang='grc' dir='ltr'>οὐδὲ</span> <span class='ocrx_word' id='word_1_274' title='bbox 645 3279 846 3353; x_wconf 86' lang='grc' dir='ltr'>φλαυροτέρην,</span> <span class='ocrx_word' id='word_1_275' title='bbox 859 3283 975 3350; x_wconf 85' lang='grc' dir='ltr'>παμφο-</span> 
     </span>
    </p>
   </div>
   <div class='ocr_carea' id='block_1_3' title="bbox 0 0 1152 3430">
    <p class='ocr_par' dir='ltr' id='par_1_4' title="bbox 0 0 1152 3430">
     <span class='ocr_line' id='line_1_39' title="bbox 0 0 1152 3430; baseline 0 0"><span class='ocrx_word' id='word_1_276' title='bbox 0 0 1152 3430; x_wconf 95' lang='lat' dir='ltr'> </span> 
     </span>
    </p>
   </div>
  </div>
 </body>
</html>
