2204 3430
141 105 251 170 38-42]
489 105 603 156 mm.
907 107 939 159 τι

139 186 258 264 βόσκων
277 183 446 261 ἐπικούρους,
467 185 513 244 καὶ
534 186 632 267 γαμέει
646 184 768 264 Ὀλόρου
786 179 837 246 τοῦ
854 188 939 264 Θρηΐ-

135 281 196 334 ’κων
209 273 349 350 βασιλέος
365 273 502 353 θυγατέρα
515 273 724 356 Ἡγησιπύλην.
767 271 859 338 Οὗτος
873 275 902 333 δέ
923 274 987 335 ό40

142 363 271 440 Κίμωνος
295 360 453 437 Μιλτιάδης
479 363 579 421 νεωστὶ
605 366 657 438 μὲν
680 362 814 438 ἐληλύθεε
839 368 865 426 ἐς
888 362 940 438 τήν

141 449 336 526 Χερσόνησον,
350 448 546 526 κατελάμβανε
560 449 591 508 δέ
602 475 651 526 μιν
665 450 783 511 ἐλθόντα
797 448 874 510 ἅλλα
886 454 942 511 τῶν

143 537 315 618 κατεχόντων
327 537 498 618 πρηγμάτων
510 536 702 616 χαλεπώτερα·
718 540 810 618 (τρίτῳ
822 541 874 616 μὲν
886 539 941 620 γάρ

143 627 197 686 ἐπεῖ
213 623 317 685 τούτων
331 625 440 689 Σκύθας
461 627 569 706 ἔφευγε·
591 624 696 689 Σκύθαι
715 626 770 710 γάρ
784 629 811 685 οἱ
825 626 942 704 νομάδες

143 713 331 791 ἐρεθισθέντες
343 712 398 772 ύπδ
412 713 550 789 βασιλέος
561 714 680 791 Δαρείου
693 714 941 792 συνεστράφησαν,

143 801 191 860 καὶ
208 799 321 875 ἤλασαν
334 801 419 880 μέχρι
430 804 481 876 τῆς
494 801 679 879 Χερσονήσου
697 801 808 878 ταύτης·
828 801 941 866 τούτους

144 887 272 951 ἐπιόντας
296 887 345 947 ούκ
368 887 517 1000 ύπρμείνας
541 888 556 948 ό
580 888 738 964 Μιλτιάδης
762 891 862 970 ἔφευγε
885 887 942 948 άπό

144 974 367 1052 Χερσονήσου,’
354 1003 382 1039 ες
400 975 416 1036 δ
432 977 462 1034 οἵ
474 1001 505 1036 τε
522 975 627 1040 Σκύθαι
646 974 876 1054 ἀπαλλάχθησαν
896 977 945 1034 καί

144 1089 193 1141 μιν
207 1090 234 1123 οι
224 1063 391 1145 “Δόλογκοι
407 1063 566 1176 κατήγαγον
581 1062 694 1142 ὀπίσω)
733 1064 875 1122 Ταῦτα
841 1089 892 1139 μεν
909 1062 987 1139 δή41

114 1213 117 1218 ⁴
145 1152 228 1230 τρίτῳ
242 1151 296 1210 έτεῖ
308 1151 444 1230 πρότερον
457 1151 582 1234 ἐγεγόνεε
594 1154 649 1211 τῶν
665 1149 729 1211 τότε
746 1175 795 1228 μιν
813 1149 942 1229 κατεχόν-

145 1265 209 1299 των·
230 1238 293 1299 τότε
314 1239 344 1298 δὲ
365 1239 617 1316 πυνθανόμενος
591 1265 659 1299 ειναι
679 1238 744 1302 τούς
765 1239 928 1302 Φοίνικας’
915 1263 944 1298 εν
1011 1307 1013 1315 A

147 1327 259 1407 Τενέδῳ,
272 1327 434 1405 πληρώσας
455 1326 583 1404 τριήρεας
605 1329 687 1386 πέντε
714 1325 863 1406 χρημάτων
889 1329 944 1386 τῶν

148 1415 304 1493 παρεόντων
327 1415 451 1474 α’πέπλεε
478 1420 505 1478 ἐς
531 1415 580 1479 τάς
606 1414 735 1492 Ἀθήνας.
778 1415 824 1476 καὶ
849 1414 943 1492 ὥσπερ

149 1503 263 1580 ὥρμήθη
285 1508 314 1563 ἐκ
328 1503 451 1580 Καρδίης
464 1501 571 1572 πόλιος,
586 1504 668 1562 ἔπλεε
686 1503 731 1562 διά
748 1507 798 1563 τοῦ
812 1504 945 1566 Μέλανος

150 1591 266 1652 κόλπου·
290 1589 482 1669 παραμείβετό
505 1615 536 1650 τε
559 1590 611 1666 τήν
633 1589 819 1669 Χερσόνησον
846 1591 891 1650 καὶ
919 1593 946 1650 οἶ

150 1681 272 1743 Φοίνικές
285 1683 312 1738 οἱ
324 1679 523 1756 περιπίπτουσι
536 1682 604 1758 τῇσι
617 1680 709 1755 νηυσί.
750 1679 832 1742 αύτδς
844 1681 896 1756 μὲν
910 1677 944 1754 δή

151 1769 307 1844 Μυλτιάδης
320 1765 374 1826 σύν
386 1770 455 1846 τῇσι
466 1767 608 1843 τέσσαρσι
625 1771 680 1827 τῶν
696 1771 763 1828 νεῶν
777 1766 945 1848 καταφεύγει

151 1861 179 1922 ἐς
190 1853 320 1934 Ἴμβρον,
338 1854 390 1931 τήν
412 1855 443 1913 δέ
463 1857 490 1914 οἱ
507 1855 637 1932 πέμπτην
656 1859 712 1915 τῶν
732 1858 799 1914 νεῶν
818 1857 946 1914 κατεῖλον

151 1943 292 2008 διώκοντές
314 1945 340 2002 οἱ
361 1943 493 2006 Φοίνικες.
534 1947 584 2018 τῆς
608 1943 637 2000 δέ
660 1941 721 2005 νεός
742 1941 844 2016 ταύτης
868 1942 947 2018 ἔτυχε

151 2037 206 2093 τῶν
218 2031 379 2092 Μιλτιάδεω
397 2031 502 2092 παίδων
523 2029 538 2090 ά
558 2029 755 2107 πρεσβύτατος
774 2027 866 2108 ἅρχων
884 2033 947 2104 Μη-

151 2120 253 2199 τίοχος,
268 2117 316 2178 ούκ
333 2125 363 2178 ἐκ
381 2123 431 2196 τῆς
443 2117 566 2196 Ὀλόρου
586 2122 636 2178 τοῦ
653 2116 772 2194 Θρήϊκας
792 2115 843 2176 ἐάν
864 2116 947 2196 θυγα-

151 2207 216 2286 τρός
228 2206 293 2266 ἀλλ’
307 2207 338 2277 ἐξ
350 2207 450 2284 ἄλλης·
471 2206 517 2265 καὶ
529 2209 628 2266 τοῦτον
642 2203 700 2282 ἅμα
713 2208 749 2283 τῇ
763 2203 807 2280 νηῒ
825 2203 901 2263 εἶλον
922 2206 949 2263 οἱ

151 2297 283 2366 Φοίνικες,
298 2297 346 2354 καί
361 2321 409 2373 μιν
426 2294 578 2371 πυθόμενοι
596 2293 630 2357 ὦς
649 2293 690 2368 εἴη
703 2292 863 2352 Μιλτιάδεω
882 2295 948 2355 παῖς

152 2384 293 2467 ἀνήγαγον
307 2383 384 2461 παραὶ
397 2383 533 2460 βασιλέα,
547 2383 687 2445 δοκέοντες
705 2381 806 2460 χάριτα
822 2380 949 2462 μεγάλην

152 2473 372 2550 καταθήσεσθαι·
393 2471 436 2532 ὅτι
450 2471 483 2546 δή
497 2470 655 2546 Μιλτιάδης
666 2469 779 2552 γνιύμην
796 2469 948 2538 ἀπεδέξατο

152 2566 182 2622 ἐν
193 2566 270 2621 τοῖσι
279 2559 359 2620 Ἴωσι
372 2557 651 2638 πείθεσθαι-κελεύων
664 2560 740 2617 τοῖσι
754 2557 889 2636 Σκύθησι,
903 2556 950 2616 ὅτε

152 2653 179 2708 οἱ
192 2648 299 2714 Σκύθαι
316 2647 503 2725 προσεδέοντο
521 2645 665 2709 λύσαντας
684 2645 735 2720 τήν
751 2645 866 2724 σχεδίην
880 2644 949 2704 άπα-

152 2738 248 2797 πλέειν
266 2741 294 2800 ἐς
310 2735 363 2812 τήν
379 2738 493 2795 ἐωυτῶν.
535 2737 653 2812 Δαρεῖος
674 2732 711 2802 δέ,
727 2732 761 2795 ὦς
782 2733 809 2792 οἱ
826 2733 950 2795 Φοίνικες

152 2825 300 2904 Μητίοχον
311 2823 366 2885 Ιτόν
384 2822 544 2882 Μιλτιάδεω
561 2821 710 2902 ἀνήγαγον,
733 2823 848 2896 ἐποίησε
866 2821 951 2880 κακόν

151 2915 204 2990 μὲν
217 2912 296 2974 ούδέν
309 2912 457 2991 Μητίοχον
471 2909 563 2992 άγαθά
578 2910 607 2970 δέ
620 2906 721 2988 συχνά·
743 2908 790 2966 καὶ
802 2908 858 3020 γάρ
875 2907 951 2966 οἶκον

152 3028 198 3061 και
221 3005 321 3114 κτήσιν
343 3000 424 3059 ἐδωκε
446 3024 492 3057 και
481 2997 640 3076 Περσίδα
657 2999 782 3078 γυναῖκα,
803 2999 833 3052 ἐκ
854 2999 904 3067 τῆς
924 3018 950 3050 οι

101 3136 104 3140 -
151 3092 235 3150 τέκνα
249 3091 357 3171 ἐγένετο
370 3086 406 3147 τοὶ
420 3091 448 3150 ἐς
461 3087 576 3164 Πέρσας
596 3083 790 3160 κεκοσμέαται.
831 3079 950 3138 Μιλτιά·

153 3180 202 3254 δης
215 3178 290 3247 δέ’ξ
259 3206 272 3237 ε
273 3173 451 3253 ξ’Ίμβρου’
434 3175 590 3234 απικνέεπαι
604 3179 631 3235 ἐς
644 3173 693 3234 τοὶς
706 3167 835 3242 Αθηνας

194 3265 254 3326 Καὶ
276 3263 347 3324 κατά
365 3261 398 3322 τό
418 3263 477 3322 ἔτος
494 3265 577 3322 τοῦτο
596 3266 626 3318 ἐκ
645 3262 700 3318 τῶν
719 3253 853 3330 Περσεων
873 3251 1006 3332 ούδέν42
