2204 3430
146 69 177 115 12
451 66 634 116 Ἧυοιοτοι
896 64 944 130 [ν.

144 146 287 224 ρημένους,
307 147 419 222 ἔφασαν
437 144 527 206 αύτῶν
544 143 873 222 βούλεσθαιδιεξελθεῖν
892 144 945 220 τήν

145 232 256 318 χώρην,
268 238 408 297 ποιεῦντες
421 233 558 302 δὲταῦτα,
573 231 619 290 καὶ
632 229 776 300 διεξιόντες
788 235 885 290 πᾶσαν
893 231 945 307 τήν

146 322 302 397 Μιλησίην,
317 321 386 384 ὅκως
403 319 465 382 τινά
482 321 566 380 ἴδοιεν
584 324 613 379 ἐν
630 318 798 397 ἀνεστηκυίῃ
815 322 852 397 τῇ
866 316 944 398 χάρη

144 406 232 488 άγρόν
246 408 275 468 εὖ
292 408 503 490 ἐξεργασμένον,
517 407 716 489 άπεγραφέατο
729 405 762 466 τδ
777 405 882 482 οὕνομα
893 407 944 466 τοῦ

145 495 286 556 δεσπότεω
306 500 357 556 τοῦ
377 496 475 578 ἀγροῦ·
497 493 709 565 διεξελάσαντες
728 493 758 553 δὲ
777 497 874 554 πᾶσαν
892 493 945 570 τήν

145 583 238 662 χώρην
258 584 304 644 καὶ
325 585 460 647 σπανίους
480 582 605 661 εύρόντες
623 582 745 656 τούτους,
766 580 801 644 ὦς
820 580 945 660 τάχιστα

145 673 308 748 κατέβησαν
322 677 349 736 ές
362 670 394 732 τό
409 670 489 741 άστυ,
504 671 588 748 άλίην
600 669 794 747 ποιησάμενοι,
809 668 944 740 ἀπέδεξαν

144 757 259 824 τούτους
273 762 325 837 μὲν
337 759 389 836 τήν
402 759 487 820 πόλιν
499 760 591 836 νέμειν
603 762 658 818 τῶν
671 755 751 835 εὗρον
762 755 827 819 τούς
842 755 944 837 α’γροδς

145 845 175 906 εὖ
202 847 430 930 ἐξεργασμένους·
464 847 569 908 δοκέειν
594 845 649 928 γάρ
677 847 789 922 ἔφασαν
816 844 862 903 καὶ
889 849 944 904 τῶν

145 934 290 1012 δημοσίων
300 935 371 996 οὕτω
384 933 419 1012 δή
435 941 527 1012 σφεας
541 933 765 1012 ἐπιμελήσεσθαι
779 931 874 1008 ὥσπερ
889 937 944 991 τῶν

145 1025 299 1101 σφετέρων·
327 1023 391 1088 τούς
418 1024 448 1084 δὲ
471 1023 577 1087 ἄλλους
604 1021 764 1098 Μιλησίους
790 1019 855 1083 τούς
878 1020 944 1096 πρὶν

145 1111 349 1183 στασιάζοντας
361 1111 465 1172 τούτων
478 1110 577 1180 ἔταξαν
587 1110 744 1169 πείθεσθαι.
776 1107 880 1184 Πάριαι
891 1108 944 1184 μέν

13 1251 16 1256 .
97 1198 135 1255 30
145 1198 274 1258 νυνοῦτω
285 1200 446 1274 Μιλησίους
456 1195 636 1274 κατήρτισαν.
665 1195 735 1254 Τότε
746 1194 775 1252 δὲ
786 1197 816 1252 ε’κ
825 1195 944 1255 τουτέων

143 1289 198 1344 τῶν
207 1287 314 1344 πολίων
324 1283 376 1344 ὦδε
388 1284 492 1362 ἤρχετο
505 1283 576 1341 κακά
589 1282 718 1364 γίνεσθαι
730 1285 767 1358 τῇ
779 1280 878 1358 Ἰωνίῃ.
913 1286 944 1341 ἕκ

144 1371 241 1442 Νάξου
263 1373 367 1452 ἔφυγον
387 1370 482 1448 ἄνδρες
501 1373 557 1430 τῶν
572 1371 684 1449 παχέων
699 1367 754 1428 ύπδ
772 1372 824 1426 τοῦ
844 1367 943 1445 δήμου·

144 1458 281 1540 φυγόντες
295 1458 325 1518 δὲ
338 1457 471 1517 ἀπίκοντο
486 1462 512 1520 ε’ς
528 1458 668 1533 Μίλητον.
702 1459 753 1531 τῆς
766 1455 795 1514 δὲ
812 1455 944 1532 Μιλήτου

145 1546 279 1628 ε’τύγχανε
288 1547 436 1623 ἐπίτροπος
444 1544 495 1604 εἰδν
501 1543 729 1625 Ἀρισταγόρηςὸ
738 1541 943 1623 Μολπαγόρεω,

145 1633 275 1714 γαμβρός
284 1659 317 1692 τε
326 1632 376 1694 ε’ὦν
385 1630 552 1710 καὶάνεψιός
561 1631 696 1692 Ἱστιαίου
705 1635 755 1691 τοῦ
763 1628 942 1710 Λυσαγόρεω,

144 1721 194 1782 τόν
208 1721 224 1782 ό
239 1725 357 1800 Δαρεῖος
376 1727 404 1782 ἐν
422 1719 561 1783 Σούσοισι
575 1722 694 1798 κατεῖχε·
716 1717 733 1778 ὁ
745 1718 800 1800 γάρ
813 1716 944 1782 Ἱστιαῖος

144 1807 275 1888 τύραννος
284 1808 320 1885 ἦν
330 1807 470 1893 Μιλήτου,
480 1809 525 1867 καὶ
536 1806 670 1890 ἐτύγχανε
680 1810 780 1867 τοῦτον
787 1805 837 1866 τόν
843 1805 944 1884 χρόνον

145 1895 197 1957 εἰδν
217 1903 246 1958 έν
267 1897 403 1963 Σούσοισι
424 1896 471 1957 ὅτε
492 1899 519 1956 οἶ
540 1895 643 1966 Νάξιοι
659 1894 758 1971 ἦλθον,
776 1894 860 1964 ξεῖνοι
879 1895 945 1971 πρὶν

145 1984 235 2050 ε’όντες
249 1990 288 2066 τῷ
302 1985 435 2065 Ἱστιαίῳ·
457 1984 621 2062 ἀπικόμενοι
639 1983 668 2043 δὲ
687 1985 714 2042 οἱ
732 1981 835 2052 Νάξιοι
851 1987 878 2044 ἒς
893 1981 945 2058 τήν

146 2074 285 2150 Μίλητον,
300 2074 409 2134 ἐδέοντο
424 2077 475 2133 τοῦ
492 2070 707 2152 Ἀρισταγόρεω,
723 2071 749 2129 εί
765 2095 817 2134 κως
833 2068 943 2130 αύταῖσι

144 2160 289 2240 παράσχοι
299 2160 414 2238 δύναμίν
423 2185 494 2229 τινα,
504 2160 550 2218 καὶ
561 2159 721 2218 κατέλθοιεν
731 2162 759 2220 ές
768 2156 821 2234 τήν
831 2160 943 2217 ἑωυτῶν·

115 2273 119 2281 ’
145 2247 161 2307 ά
175 2248 205 2307 δὲ
218 2246 414 2323 ἐπιλεξάμενος
428 2245 464 2309 ὥς
475 2244 510 2322 ἢν
523 2245 557 2305 δι’
568 2249 668 2305 έωυτοΰ
682 2245 839 2304 κατέλθωσι
853 2248 880 2307 ἔς
892 2244 945 2322 τήν
1009 2283 1014 2295 -

145 2334 230 2395 πόλιν
250 2333 326 2412 άρξει
345 2336 395 2410 τῆς
411 2332 518 2403 Νάξου,
535 2336 642 2410 σκῆψιν
662 2331 692 2390 δὲ
711 2329 875 2408 ποιεύμενος
893 2331 945 2408 τήν

145 2422 246 2498 ξεινίην
262 2421 314 2498 τήν
328 2421 471 2494 Ἱστιαίου,
489 2419 570 2480 τόνδε
590 2425 646 2496 σφι
665 2417 754 2500 λόγον
773 2418 944 2496 προσέφερε·

145 2520 164 2546 “
171 2508 254 2574 αύτδς
266 2512 317 2587 μὲν
326 2509 393 2587 ύμῖν
403 2507 434 2568 ού
446 2505 601 2590 φερέγγυός
614 2509 670 2583 εἰμι
680 2505 795 2583 δύναμιν
805 2505 946 2582 τοσαύτην

145 2601 311 2678 παρασχεῖν,
330 2597 402 2657 ὥστε
421 2595 550 2676 κατάγειν
561 2593 701 2654 ’ἀεκόντων
717 2597 773 2654 τῶν
790 2591 842 2668 τήν
860 2593 946 2654 πόλιν

146 2684 266 2766 ἐχόντων
292 2685 413 2756 Ναξίων·
444 2682 619 2761 πυνθάνομαι
648 2682 703 2764 γάρ
731 2680 946 2762 ὀκτακισχιλίην

145 2771 253 2834 άσπίδα
279 2774 414 2845 Ναξίοισι
441 2770 518 2843 εἶναι,
543 2771 589 2831 καὶ
612 2774 700 2830 πλοῖα
721 2769 816 2848 μακρά
838 2773 945 2830 πολλα·

145 2862 348 2942 μηχανήσομαι
361 2861 390 2922 δὲ
399 2863 497 2922 πᾶσαν
506 2860 633 2936 σπουδήν
643 2859 814 2938 ποιεύμενος·
833 2859 947 2919 ε’πινοέω

143 2951 176 3012 ,δὲ
188 2952 263 3032 τῇδε·
283 2950 476 3030 Ἀρταφέρνης
490 2947 686 3030 μοιτυγχάνει
703 2947 755 3010 ε’ὢν
768 2949 863 3026 φίλος·
884 2945 900 3006 ὅ
917 2946 946 3004 δὲ

145 3039 314 3102 Ὑστάσπεω
328 3039 381 3118 μέν
396 3044 458 3099 ε’στι
476 3037 541 3101 πάϊς
556 3037 676 3114 Δαρείου
694 3037 725 3098 δὲ
741 3041 792 3098 τοῦ
807 3033 948 3114 βασιλέος

146 3126 293 3205 ἀδελφεός,
315 3132 372 3190 τῶν
395 3125 419 3188 δ’
441 3126 654 3188 ἐπιθαλασσίων
676 3130 731 3187 τῶν
755 3130 784 3186 ἓν
807 3128 844 3203 τῇ
863 3121 948 3199 Ἀσίη

148 3213 226 3294 ἄρχει
239 3217 356 3289 πάντων,
371 3217 440 3297 έχων
454 3214 590 3295 στρατιήν
602 3239 633 3276 τε
648 3214 762 3292 πολλήν
776 3213 823 3272 καὶ
836 3207 948 3272 πολλάς
