2204 3430
161 115 192 162 ιι
461 110 646 161 Ἧνοαουου
685 111 689 120 ’
913 110 961 176 [ν.

158 189 320 272 στρατηγόν
344 189 374 250 δὲ
396 190 514 251 τουτέων
537 186 653 260 άπέδεξε
677 189 853 272 Μεγαβάτην
876 188 964 269 ἄνδρα

159 279 277 356 Πέρσην
293 281 349 339 τῶν
365 275 588 357 Ἀχαιμενιδέων,
607 281 708 338 ἑωυτοῦ
725 304 757 338 τε
776 278 822 337 καὶ
841 279 964 356 Δαρείου

105 423 110 434 ,
158 365 282 444 ἀνεψιόν·
302 369 353 426 τοῦ
373 365 537 442 Παυσανίης
558 365 574 426 ὁ
595 364 805 443 Κλεομβρότεω
827 365 962 425 Λακεδαι-

158 453 262 532 μόνιος,
277 457 301 513 εἶ
317 454 351 530 δή
365 452 474 529 άληθής
485 479 519 534 γε
533 454 595 514 ἐστὶ
611 453 627 514 0‘
641 452 736 534 λόγος,
749 453 858 534 ύστέρῳ
870 454 963 536 χρόνῳ

157 540 418 619 τούτωνήρμόσατο
427 541 574 622 θυγατέρα,
583 541 670 619 ἔρωτα
677 541 756 620 σχῶν
763 546 814 618 τῆς
822 541 963 607 Ἑλλάδος

157 629 290 706 τύραννος
305 629 447 711 γενέσθαι.
481 628 618 699 ἀποδέξας
634 629 663 688 δὲ
682 628 860 710 Μεγαβάτην
876 655 962 706 στρα-

157 718 245 799 τηγόν
267 716 467 795 Ἀρταφέρνης,
487 715 640 777 α’πέστειλε
661 715 712 777 τόν
738 716 861 794 στρατδν
883 718 960 795 παρά

156 805 207 866 τόν
219 791 435 886 Ἀρισταγόρειῖ.

109 895 147 952 33
198 893 385 972 Παραλαβιδν
395 893 424 952 δὲ
438 891 454 953 ό
469 891 646 973 Μεγαβάτης
659 895 689 951 ἔκ
702 895 753 968 τῆς
766 891 899 968 Μιλήτου
910 890 962 952 τόν

155 1007 187 1042 τε
206 981 411 1062 Ἀρισταγόρεα
435 980 481 1040 καὶ
502 979 555 1057 τήν
574 979 653 1039 Ἰάδα
673 979 810 1057 στρατιήν
829 979 876 1038 καὶ
895 977 961 1043 τούς

156 1070 287 1141 Ναξίους,
309 1071 391 1130 ἔπλεε
411 1069 559 1146 πρόφασιν
579 1067 621 1126 ἔπ’
638 1067 864 1144 Ἑλλησπόντου.
899 1068 962 1126 ἐπεί

155 1183 187 1218 τε
202 1158 232 1218 δὲ
248 1158 357 1239 ἐγένετο
370 1163 400 1217 έν
415 1157 483 1236 Χίῳ,
498 1158 566 1235 ἔσχε
578 1155 629 1219 τὰς
641 1156 705 1218 νέας
718 1160 745 1219 ἔς
762 1154 910 1224 Καύκασα,
925 1154 960 1217 ὦς

157 1246 282 1306 ἐνθεῦτεν
300 1246 390 1323 βορέῃ
406 1243 497 1322 άνέμῳ
514 1249 542 1306 ἐς
561 1242 615 1320 τήν
632 1242 729 1313 Νάξον
748 1242 891 1319 διαβάλοι·
913 1243 959 1302 καὶ

156 1331 189 1392 ού
210 1332 265 1412 γάρ
286 1332 343 1391 ἔδεε
364 1331 452 1410 τούτῳ
472 1334 511 1410 τῷ
530 1330 626 1410 στόλῳ
647 1331 770 1401 Ναξίους
789 1329 958 1402 ἀπολέσθαι,

155 1424 274 1501 πρῆγμα
300 1418 407 1480 τοιόνδε
434 1419 603 1498 συνηνείχθη
629 1421 771 1501 γενέσθαι·
805 1419 959 1498 περιϊόντος

156 1507 335 1589 Μεγαβάτεω
357 1505 407 1570 τάς
431 1507 477 1565 ἐπὶ
499 1509 555 1566 τῶν
577 1511 645 1568 νεῶν
670 1507 807 1584 φυλακάς,
829 1508 874 1567 ε’πὶ
897 1507 959 1573 νεός

155 1595 281 1671 Μυνδίης
305 1596 384 1674 ἔτυχε
408 1593 497 1658 οὐδεὶς
520 1594 689 1670 φυλάσσων·
717 1594 733 1655 ό
760 1596 790 1655 δὲ
816 1596 905 1658 δεινόν
930 1623 958 1658 τι

155 1683 353 1761 ποιησάμενος,
372 1683 504 1742 ἐκέλευσε
521 1682 587 1747 τούς
607 1683 779 1761 δορυφόρους
799 1683 958 1760 ἐξευρόντας

155 1772 204 1833 τόν
218 1772 341 1852 άρχοντα
353 1770 456 1847 ταύτης
468 1774 519 1848 τῆς
532 1770 600 1846 νεδς,
615 1775 654 1852 τῷ
668 1771 773 1849 οὕνομα
785 1771 820 1848 ἦν
834 1771 956 1844 Σκύλαξ,

156 1865 255 1922 τούτων
268 1860 354 1937 δῆσαι
367 1859 412 1920 δωὶ
426 1859 566 1937 θαλαμίης
582 1858 725 1924 διελόντας
740 1864 790 1936 τῆς
802 1860 872 1930 νεός,
887 1861 957 1922 κατοὶ

154 1953 246 2021 τοῦτο,
261 1950 312 2021 ἔξω
324 1951 376 2027 μὲν
389 1948 518 2026 κεφαλήν
530 1953 676 2014 ποιεῦντας
692 1949 747 2008 ἔσω
766 1949 795 2008 δὲ
811 1947 845 2008 τό
864 1952 957 2025 σῶμα·

156 2037 281 2103 δεθέντος
295 2039 325 2098 δὲ
337 2042 387 2100 τοῦ
402 2037 555 2108 Σκύλακος,
570 2037 736 2120 ἔξαγγέλλει
749 2062 791 2100 τις
805 2039 845 2116 τῷ
862 2035 957 2116 Ἀρισ-

154 2125 262 2206 ταγόρη
278 2125 322 2186 ὅτι
340 2123 391 2186 τόν
409 2125 498 2196 ξεῖνόν
519 2129 546 2185 οἱ
565 2126 615 2186 τόν
636 2124 762 2184 Μύνδιον
782 2124 958 2205 Μεγαβάτης

156 2211 245 2289 δήσας
255 2212 427 2289 λυμαίνοιτο·
442 2211 457 2270 ὁ
469 2210 491 2270 δ’
500 2213 590 2272 ἔλθών
597 2213 762 2290 παραιτέετο
770 2211 820 2271 τόν
830 2213 956 2290 Πέρσην,

155 2299 301 2382 τυγχάνων
315 2298 344 2357 δὲ
360 2297 471 2361 οὐδενός
486 2302 542 2358 τῶν
555 2299 646 2358 ἐδέετο
660 2297 743 2362 αύτδς
759 2298 848 2358 ε’λθών
863 2300 957 2360 ἔλυσε·

155 2386 312 2465 πυθόμενος
325 2386 355 2446 δὲ
368 2385 456 2464 κάρτα
469 2385 558 2447 δεινδν
574 2384 728 2463 ἐποιήσατο
742 2385 759 2447 ό
772 2386 956 2467 Μεγαβάτης,

156 2477 203 2536 καὶ
219 2475 374 2554 ἐσπέρχετο
391 2477 430 2554 τῷ
441 2472 642 2556 Ἀρισταγόρῃ·
664 2473 680 2536 ό
697 2474 727 2534 δὲ
746 2473 815 2534 εἶπε·
838 2475 912 2534 “σοὶ
929 2475 958 2536 δὲ

157 2564 203 2624 καὶ
222 2563 350 2624 τούτοισι
369 2565 446 2624 τοῖσι
466 2562 615 2645 πρήγμασι
634 2563 665 2624 τί
682 2567 761 2634 έσπι;
784 2560 816 2624 ου’
838 2564 873 2622 σέ
893 2561 958 2624 α’πέ-

156 2655 253 2714 στειλε
272 2651 464 2730 Ἀρταφέρνης
482 2653 548 2730 ἔμέο
565 2652 723 2724 πείθεσθαι,
740 2651 786 2712 καὶ
804 2651 902 2712 πλέειν
922 2661 968 2732 τῇ.

156 2738 191 2802 ἂν
207 2741 261 2824 ε’γιδ
281 2738 403 2810 κελεύω;
423 2740 454 2801 τί
470 2739 569 2802 πολλά
588 2739 768 2819 τρήσσεις;”
788 2743 878 2802 ταῦτα
899 2740 959 2802 εἶπε

155 2828 370 2913 Ἀρισταγόρης·
391 2829 408 2891 0⁸
427 2829 457 2890 δὲ
474 2829 609 2909 θυμωθεὶς
628 2830 764 2904 τούτοισι,
781 2829 817 2896 οἷς
832 2829 884 2903 νῦξ
901 2831 958 2914 ἐγέ-

156 2945 227 2992 νετο,
252 2920 359 2999 ἔπεμπε
381 2923 410 2985 ἔς
435 2918 533 2991 Νάξον
555 2920 646 3000 πλοίῳ
668 2918 769 3001 ἄνδρας
796 2920 960 3000 φράσοντας

155 3013 232 3070 τοῖσι
250 3009 386 3081 Ναξίοισι
402 3007 495 3071 πάντα
511 3008 547 3071 τά
565 3008 705 3087 παρεόντα
721 3020 778 3090 σφι
795 3010 958 3094 πρήγματα·

110 3098 147 3158 34
158 3101 194 3159 Οἱ
211 3098 266 3182 γάρ
283 3099 321 3162 ὧν
341 3098 443 3170 Νάξιοι
462 3097 542 3162 ούδέν
560 3098 669 3164 πάντως
688 3101 894 3179 προσεδέκοντο
914 3098 959 3158 ε’πὶ

156 3190 249 3265 σφέας
264 3189 315 3254 τόν
327 3188 435 3252 στόλον
449 3193 548 3253 τοῦτον
561 3188 750 3269 ὁρμήσεσθαι·
772 3192 833 3254 ἐπεὶ
850 3189 903 3269 μέν
916 3215 959 3250 τοι

158 3276 301 3352 ἐπύθοντο,
315 3279 415 3342 αὐτίκα
434 3283 485 3350 μὲν
502 3281 676 3342 ἔσενείκοντο
694 3282 730 3342 τά
747 3286 778 3342 ἔκ
796 3283 852 3342 τῶν
868 3277 960 3359 άγρῶν
