2280 3432
113 111 116 114 Ι
174 118 282 183 27-32]
512 117 666 168 ΟΤΡΔΝΙΔ.
923 121 971 170 231

175 200 382 277 ἐσβάλλοντας·
403 199 430 258 οί
443 197 481 269 δέ,
492 197 528 261 οἷς
540 195 768 275 ἀναρπασόμενοι
780 197 846 261 τούς
855 201 973 268 Φωκέας,

175 287 325 365 φερόμενοι
345 287 483 346 ἐσέπεσον
503 291 531 350 ἐς
549 285 615 348 τούς
630 280 789 363 Ιἀμφορέας·
810 287 928 346 ἐνθαῦτα
948 290 975 346 οἱ

176 377 255 436 ἵπποι
281 375 318 435 τό
344 375 448 434 σκέλεα
479 373 681 450 διεφθάρησαν.
723 373 832 434 Τούτων
858 373 893 450 δή
919 375 1020 450 σφι29

174 462 340 540 ἀμφοτέρων
353 463 462 541 ἔχοντες
476 463 590 541 ἔγκοτον
603 463 630 520 οἱ
648 462 803 532 Θεσσαλοὶ,
816 463 976 540 πέμψαντες

175 551 280 628 κήρυκα
296 549 431 631 ἠγόρευον
451 547 526 608 τάδε·
551 547 600 606 “‹1'›
618 549 730 618 Φωκέες,
744 548 797 625 ἤδη
816 576 843 609 τι
861 554 975 628 μᾶλλον

174 639 381 720 γνωσιμαχέετε
394 635 434 714 μὴ
449 636 518 696 εἶναι
531 634 626 713 όμοῖοι
642 635 719 712 ἡμῖν·
740 637 865 714 πρόσθεν
876 665 908 698 τε
920 638 975 720 γάρ

175 731 204 784 ἐν
219 730 296 786 τοῖσι
309 725 446 800 Ἕλλησι,
465 723 536 784 ὅσον
553 723 656 803 χρόνον
675 727 764 784 ἐκεῖνα
782 725 851 801 ἡμῖν
868 725 973 802 ἥνδανε,

174 814 262 873 πλέον
280 814 336 873 αἰεί
353 839 416 872 κοτε
432 811 523 888 ἀμέων
542 811 710 888 ἐφερόμεθα
734 816 783 872 νῦν
799 839 830 871 τε
848 813 925 891 παρὰ
937 818 976 894 τῷ

173 901 314 1008 βορβόρῳ
336 904 475 961 τοσοῦτον
498 898 646 975 δυνάμεθα,
668 897 740 958 ὥστε
761 899 803 958 ἐπ’
824 899 892 976 ἡμῖν
913 907 975 962 ἐστι

174 993 224 1063 τῆς
249 994 302 1068 γῆς
328 1015 359 1048 τε
387 988 557 1064 ἐστερῆσθαι
587 986 633 1045 καὶ
658 986 728 1063 πρδς
754 986 976 1063 ἠνδραποδίσθαι

175 1073 268 1150 ὑμέας·
290 1076 372 1153 ημέες
384 1077 480 1152 μέντοι
492 1103 526 1136 το
545 1079 602 1134 πᾶν
621 1075 730 1152 ἔχοντες
746 1101 778 1133 ου
793 1077 977 1151 μνησικακέο-

175 1187 236 1238 μεν·
269 1163 380 1222 ἀλλ’
362 1168 430 1240 ημῖν
456 1161 624 1245 γενέσθω’
606 1161 664 1222 αντ’
691 1161 780 1222 αυτῶν
806 1162 978 1239 πεντήκοντα

175 1249 331 1310 τόλαντα’
313 1253 453 1332 αργυρίου,
468 1253 513 1310 καὶ
526 1251 592 1329 ὑμῖν
609 1249 851 1328 ὕποδεκόμεθα
815 1277 851 1311 τα
865 1252 977 1312 ἐπιόντα

177 1337 223 1399 ἐπὶ
235 1339 286 1414 τὴν
298 1339 392 1417 χώρην
405 1337 597 1417 ἀποτρέψειν.”

216 1425 312 1486 Ταῦτά
331 1432 387 1502 σφι
409 1427 618 1506 ἐπαγγέλλοντο
639 1429 666 1484 οἷ
686 1427 843 1486 Θεσσαλοί·
864 1427 902 1506 (οἱ
921 1425 1030 1508 γάρδθ

175 1514 281 1576 Φωκέες
297 1518 395 1591 μοῦνοι
415 1517 470 1573 τῶν
489 1512 576 1592 ταύτῃ
597 1512 749 1590 ἀνθρώπων
769 1513 818 1574 οὐκ
840 1513 976 1591 ἐμήδιζον,

176 1601 234 1662 κατ’
268 1601 359 1666 ἄλλο,
377 1605 429 1680 μὲν
463 1600 549 1676 οὐδὲν,
582 1601 617 1664 οἷς
652 1601 706 1712 ἐγιδ
739 1603 978 1680 συμβαλλόμενος

176 1689 301 1768 ευρίσκω,
330 1691 400 1752 κατά
427 1690 513 1750 δέ
480 1717 523 1752 το.
541 1689 676 1770 ἔχθος
643 1716 676 1750 το
699 1695 865 1751 Θεσσαλῶν·
901 1697 923 1752 εἰ
947 1692 977 1750 δέ

175 1779 322 1838 Θεσσαλοὶ
351 1779 387 1839 τοὶ
412 1778 557 1855 Ἑλλήνων
587 1777 735 1854 ηυξον,
715 1805 750 1840 ως
777 1781 838 1856 ἐμοὶ
865 1780 976 1850 δοκέειν,

176 1865 348 1940 ἐμήδιζον
331 1893 364 1926 αν
391 1869 418 1926 οἱ
445 1868 571 1947 Φωκέες)
611 1871 699 1925 ταῦτα
729 1868 978 1946 ἐπαγγελλομένων

175 1957 342 2022 Θεσσαλῶν,
362 1953 425 2013 οὔτε
444 1953 544 2013 δαίσειν
563 1957 674 2030 ἔφασαν
694 1953 825 2032 χρήματα
846 1954 977 2031 παρέχειν

175 2040 208 2098 τέ
238 2045 294 2114 σφι
329 2043 508 2099 Θεσσαλοῖσι
542 2041 642 2118 ὁμοίως
675 2040 806 2118 μηδίζειν,
835 2044 858 2098 εἰ
884 2039 977 2105 ἄλλως

175 2126 341 2199 βουλοίατο·
362 2123 428 2184 ἀλλ’
442 2126 491 2184 οὐκ
505 2129 622 2187 ἔσεσθαι
638 2128 744 2191 ἑκόντες
762 2128 831 2187 εἶναι
843 2126 977 2204 προδόται

175 2217 226 2290 τῆς
247 2212 395 2276 Ἑλλάδος.
436 2213 549 2289 Ἐπειδὴ
573 2215 603 2272 δέ
620 2217 828 2296 ἀνηνείχθησαν
851 2213 927 2276 οὗτοι
951 2219 1022 2276 οἱ31

175 2300 267 2384 λόγοι,
295 2299 366 2362 οὕτω
392 2299 426 2377 δὴ
455 2304 482 2360 οῖ
509 2304 655 2360 Θεσσαλοὶ
686 2305 872 2382 κεχολωμένοι
900 2308 977 2365 τοῖσι

176 2395 311 2461 Φωκεῦσι,
330 2391 457 2472 ἐγένοντο
474 2388 607 2470 ἡγεμόνες
627 2394 665 2466 τῷ
682 2391 823 2470 βορβόρῳ
838 2398 888 2468 τῆς
902 2393 976 2452 ὁδοῦ·

177 2483 207 2538 ἐκ
224 2482 275 2556 μὲν
293 2479 327 2554 δή
345 2483 395 2556 τῆς
413 2478 562 2557 Τρηχινίης
584 2482 611 2540 ἐς
626 2477 678 2552 τὴν
697 2479 807 2554 Δωρίδα
826 2482 977 2555 ἐσέβαλον·

175 2570 226 2640 τῆς
238 2566 294 2647 γάρ
309 2568 431 2645 Δωρίδος
443 2567 537 2648 χώρης
550 2565 656 2626 ποδειδν
670 2565 778 2628 στεινός
795 2566 881 2646 ταύτῃ
895 2595 977 2629 κατα-

176 2653 266 2723 τείνει,
294 2654 328 2718 αἷς
354 2656 502 2734 τριήκοντα
528 2656 649 2716 σταδίων
675 2654 803 2732 μάλιστά
830 2683 864 2732 κη
891 2655 976 2734 εὖρος,

177 2741 300 2815 κείμενος
319 2744 423 2818 μεταξῦ
443 2747 493 2819 τῆς
514 2771 545 2804 τε
568 2744 697 2819 Μηλίδος
718 2745 764 2802 καὶ
785 2749 835 2821 τῆς
857 2745 977 2809 Φωκίδος

176 2826 276 2905 χοίρης,
288 2828 359 2906 ἥπερ
372 2829 407 2906 ἦν
420 2831 453 2892 τό
463 2832 585 2892 παλαιόν
596 2833 728 2909 Δρυοπίς·
745 2833 764 2908 ἡ
778 2833 807 2891 δέ
820 2833 897 2911 χώρη
908 2831 977 2908 αὕτη

178 2916 239 2975 ἐστὶ
265 2917 438 2995 μητρόπολις
466 2923 594 2998 Δωριέων
619 2924 674 2980 τῶν
700 2926 729 2980 ἐν
756 2920 975 3000 Πελοποννήσῳ,

176 3003 279 3080 ταύτην
293 3003 330 3064 ὦν
342 3005 393 3081 την
407 3009 518 3084 Δωρίδα
531 3013 585 3088 γῆν
598 3007 647 3067 οὐκ
662 3009 790 3067 ἐσίναντο
804 3008 976 3082 ἐσβαλόντες

177 3095 204 3151 οἶ
219 3093 376 3172 βάρβαροι·
404 3095 532 3172 ἐμήδιζόν
549 3123 580 3155 τε
600 3096 662 3178 γὰρ,
678 3097 723 3154 καὶ
737 3094 787 3154 οὐκ
802 3094 891 3153 ἐδόκεε
904 3102 977 3154 Θεσ-

176 3185 304 3242 σαλοῖσι.
346 3181 394 3247 Ὡς
421 3184 450 3242 δέ
472 3188 501 3242 ἐκ
524 3188 574 3259 τῆς
598 3185 721 3261 Δωρίδος
744 3187 771 3246 ἐς
794 3182 846 3258 την
868 3183 976 3241 Φωκίδα
986 3184 1023 3242 39

177 3271 328 3348 ἐσέβαλον,
342 3271 442 3336 αὐτοῦς
453 3273 506 3349 μὲν
518 3272 583 3336 τοῦς
597 3272 709 3335 Φωκέας
724 3269 775 3331 οὐκ
793 3271 928 3350 αἱρέουσι·
950 3273 978 3332 οἶ
