2240 3424
151 63 198 114 334
444 45 637 111 ’Ἦυοκοτοτ
884 57 949 124 [1x.

111 139 350 204 112όπιόλεσας.”
389 137 439 199 Ἐν
452 138 482 197 δέ
494 137 581 216 τούτῳ
598 141 637 216 τῷ
649 137 694 199 διὰ
706 139 797 214 μέσου
814 136 905 217 χρόνῳ
923 143 953 198 ἐν

156 233 194 308 τῷ
219 229 325 305 Ξέρξης
350 231 389 306 τῷ
415 225 543 304 ἀδελφεῷ
575 225 722 312 διελέγετο,
755 225 773 300 ἡ
794 225 955 302 Ἀμηστρις

156 316 394 393 μεταπεμψαμένη
407 314 470 377 τοῦς
484 310 656 390 δορυφόρους
669 317 718 372 τοῦ
731 313 846 389 Ξέρξεω,
861 313 954 372 διαλυ-

107 404 109 407 ’
157 403 283 480 μαίνεται
295 402 346 477 τήν
359 406 475 481 γυναῖκα
488 401 539 475 τήν
550 401 718 470 Μασίστεω,
732 400 797 464 τούς
809 427 840 460 τε
851 401 956 477 μαζοδς

158 489 343 565 ἀποταμοῦσα
361 489 426 548 κυσὶ
444 488 597 565 προέβαλε,
615 488 660 546 καὶ
680 490 751 565 ῥῖνα,
766 489 812 548 καὶ
831 488 894 557 α’ντα,
909 481 956 548 καὶ

158 578 265 655 χείλεα·
285 577 331 634 καὶ
348 579 486 656 γλῶσσαν
504 579 671 652 ἐκταμοῦσα,
688 581 715 638 ἐς
732 575 808 635 οἶκόν
820 601 868 651 μιν
886 575 955 635 α’πο-

112 665 282 741 113πέμπει
298 663 566 740 διαλελυμασμένην.
608 662 642 720 ‘O
660 663 690 721 δέ
706 664 860 739 Μασίστης
877 663 957 724 οὐδέν

160 777 197 810 κω
211 752 334 828 ἅκηκοιδς
346 750 456 825 τούτων,
472 749 624 826 ἐλπόμενος
638 750 670 809 δέ
685 750 716 809 τί
731 753 757 809 οἱ
775 749 859 811 κακδν
877 743 954 821 elvia,

162 841 290 900 ἐσπίπτει
311 840 403 918 δρόμῳ
424 843 452 901 ἐς
467 837 502 897 τό
520 838 601 896 οἰκία·
624 837 686 896 ἶδιδν
702 837 732 896 δέ
752 837 958 915 διεφθαρμένην

158 929 213 1003 τήν
227 931 350 1008 γυναῖκα,
365 926 463 986 αὐτίκα
479 925 548 1002 μετθ
564 929 652 984 ταῦτα
671 926 958 1003 συμβουλευσόμενος

159 1019 236 1076 τοῖσι
261 1016 352 1084 παισὶ,
380 1013 525 1090 ἐπορεύετο
552 1017 579 1075 ἐς
605 1011 719 1090 Βάκτρα
746 1013 799 1073 σύν
824 1039 855 1073 τε
880 1017 958 1074 τοῖσι

160 1107 260 1163 ἐωυτοῦ
273 1105 359 1162 υἱοῖσι
372 1102 417 1160 καὶ
434 1101 468 1176 δή
486 1099 535 1159 καθ
552 1125 612 1160 τισι
630 1100 675 1158 καὶ
691 1099 817 1171 ἄλλοισι,
837 1100 873 1164 ὥς
889 1100 958 1160 ἆτο-

89 1259 94 1274 .
162 1189 277 1266 στήσων
300 1189 387 1266 νομόν
407 1188 457 1249 τόν
478 1186 623 1268 Βάκτριον,
649 1188 694 1246 καὶ
717 1187 843 1264 ποιήσων
858 1188 893 1249 τοὶ
910 1191 958 1265 μέ-

159 1303 246 1358 γιστα
272 1281 362 1336 κακῶν
387 1275 523 1352 βασιλέα·
550 1273 638 1351 τόπερ
659 1272 693 1334 ἂν
713 1275 758 1334 καὶ
786 1276 901 1356 ἐγένετο,
923 1276 960 1340 ὦς

163 1366 225 1442 ἐμοὶ
238 1366 349 1436 δοκέειν,
369 1366 444 1442 εἴπερ
462 1365 535 1440 ἔφθη
554 1363 663 1440 όναβᾶς
681 1368 708 1425 ἐς
726 1364 790 1426 τούς
807 1364 960 1441 Βακτρίους

161 1454 207 1512 καὶ
226 1452 291 1515 τούς
312 1451 413 1516 Σόκας·
434 1451 554 1531 καὶγὰρ
576 1450 708 1531 ἔστεργόν
727 1450 759 1510 τέ
779 1477 835 1528 μιν,
858 1453 904 1510 καὶ
924 1450 961 1527 ἦν

160 1539 286 1618 ὕπαρχος
298 1543 353 1599 τῶν
363 1539 514 1614 Βακτρίων·
528 1537 606 1596 ἀλλὰ
618 1538 673 1618 γὰρ
687 1539 793 1615 Ξέρβης
804 1538 961 1614 πυθόμενος

160 1630 248 1686 ταῦτα
261 1629 371 1686 ,ἐκεῖνον
389 1623 564 1702 πρήσσοντα,
579 1626 692 1702 πέμψας
710 1624 752 1683 ἐπ’
772 1625 856 1687 αὖτόν
874 1649 960 1702 στρα-

160 1713 232 1790 τιήν,
247 1717 275 1772 ἐν
288 1716 323 1791 τῇ
337 1711 390 1792 ὁδῷ
408 1711 561 1772 κατέκτεινε
576 1711 659 1772 αὐτόν
671 1738 703 1772 τε
717 1717 819 1772 ἐκεῖνον
838 1713 883 1770 καὶ
896 1711 961 1775 τούς

162 1800 262 1865 παῖδας
283 1799 367 1860 αὐτοῦ
386 1801 431 1859 καὶ
448 1799 500 1875 τήν
518 1799 654 1876 στρατιήν
669 1798 721 1875 τήν
737 1797 848 1859 ἐκέίνου.
890 1801 961 1860 κατὰ

161 1891 214 1967 μὲν
226 1889 276 1950 τόν
289 1889 376 1966 ἔρωτα
390 1886 440 1948 τδν
458 1887 566 1964 Ξέρξεω
584 1887 630 1947 καὶ
646 1885 696 1947 τδν
709 1887 865 1946 Μασίστεω
878 1885 961 1948 θόνα-

158 2003 211 2062 Ιτον
224 1981 348 2037 τοσαῦτα
362 1977 479 2057 ἐγένετο.

118 2067 176 2124 114
218 2067 255 2124 Οἱ
268 2064 297 2123 δὲ
311 2069 341 2123 ἐκ
355 2062 493 2140 Μυκάλης
511 2061 679 2140 ὁρμηθέντες
689 2061 829 2139 Ἓλληνες
842 2061 884 2122 ἐπ’
896 2061 961 2121 Ἐλ-

163 2151 326 2228 λησπόντου
346 2153 456 2228 πρῶτον
475 2152 527 2228 μὲν
549 2149 614 2226 περὶ
640 2151 746 2210 Λεκτόν
772 2149 882 2227 ὅρμεον,
905 2148 962 2209 θπδ

164 2238 272 2316 α’νέμων
298 2238 540 2314 ἀπολαμφθέντες·
571 2237 697 2298 ἐνθεῦτεν
723 2238 753 2297 δὲ
776 2237 908 2297 ἀπίκοντο
935 2241 963 2300 ἐς

159 2325 295 2402 Ἀβυδον,
316 2325 429 2388 καὶτὰς
450 2325 574 2406 γεφύρας
594 2321 674 2402 εὗρον
695 2324 894 2401 διαλελυμένας
912 2323 963 2388 τὰς

164 2411 274 2476 ἐδόκεον
296 2411 424 2489 εὑρήσειν
446 2413 486 2471 ἐτι
507 2413 694 2488 ἐντεταμένας·
725 2413 771 2471 καὶ
790 2411 893 2471 τούτων
913 2410 964 2470 οὔκ

164 2499 267 2576 ἥκιστα
281 2499 381 2559 εἵνεκεν
395 2503 423 2562 ἐς
434 2498 484 2560 τόν
493 2499 709 2575 Ἑλλήσποντον
719 2499 861 2560 α’πίκοντο.
888 2502 964 2559 τοῖσι

164 2587 217 2664 μέν
237 2612 285 2648 νυν
308 2585 384 2663 ἀμφὶ
407 2587 577 2666 Λευτυχίδεα
601 2587 862 2663 Πελοποννησίοισι
889 2586 965 2657 ἔδοξε

165 2673 318 2736 ἀποπλέειν
334 2679 362 2738 ἐς
377 2674 430 2751 τήν
442 2673 578 2734 Ἐλλάδα·
598 2673 773 2752 Ἀθηναίοισι
792 2674 822 2734 δέ
836 2674 882 2733 καὶ
894 2675 964 2737 Ξαν-

167 2763 260 2840 θίππῳ
277 2767 316 2840 τῷ
333 2766 481 2843 στρατηγῷ
499 2760 583 2822 αὐτοῦ
601 2762 802 2839 ὑπομείναντας
813 2761 966 2840 πειρᾶσθαι

167 2852 219 2924 τῆς
232 2848 426 2925 Χερσονήσου.
461 2850 549 2925 οἱμὲν
559 2848 593 2924 δή
607 2848 758 2910 α’πέπλεον·
771 2849 916 2926 Ἀθηναῖοι
927 2848 966 2920 δέ,

167 2939 197 2994 ἐκ
205 2939 256 3010 τῆς
264 2933 387 3012 Ἀβύδου
397 2933 544 3011 διαβάντες
554 2938 582 2997 ἐς
591 2934 642 3010 τήν
652 2934 844 3014 Χερσόνησον,
855 2935 967 3012 Σηστόν

122 3022 177 3078 115
188 3020 376 3099 ἐπολιόρκεον.
410 3021 457 3085 Ἐς
471 3021 500 3080 δέ
512 3019 564 3096 τήν
578 3022 690 3097 Σηστόν
702 3023 813 3099 ταύτην,
826 3022 861 3087 ὥς
874 3023 967 3087 ἐόντος

169 3107 968 3187 ἶσχυροτότουτείχεοςτῶνταότη,συήλθον,ὦςῆκουσαν

168 3197 296 3266 παρεῖναι
313 3193 531 3269 τοδςἝλληνας
549 3197 577 3256 ἐς
591 3193 641 3254 τόν
653 3194 878 3270 Ἑλλήσποντον,
893 3197 923 3256 ἐκ
936 3221 968 3256 τε
