2204 3430
150 140 261 207 υυ-ιυ]
493 139 606 191 nmo.
915 143 948 194 οι

149 222 299 299 προέδωκε.
339 218 442 298 μισθδς
460 219 492 279 δέ
503 221 531 279 οί
543 217 578 296 ἦν
591 219 734 297 εἰρημένος
751 217 798 280 ὅδε
818 219 875 281 ύπῶ
893 223 949 282 τῶν

150 309 270 386 Σαμίων,
291 307 401 370 πάντων
422 311 478 368 τῶν
498 308 623 369 ἐπίπλων
644 306 690 366 καὶ
711 305 893 386 α’νδραπόδων
912 309 948 370 τά

149 395 254 474 ήμίσεα
274 397 449 476 μεταλαβεῖν
466 399 522 458 τῶν
539 400 569 457 ε’ν
588 399 625 475 τῇ
644 394 722 466 πόλι,
735 393 771 456 τά
792 393 815 455 δ’
829 395 874 455 ἐπὶ
893 399 949 457 τῶν

149 483 242 565 άγρῶν
256 485 348 547 πάντα
360 483 546 564 Ἱπποκράτεα
566 483 729 566 λαγχάνειν.
768 483 834 548 τούς
847 486 899 562 μὲν
914 484 948 561 δή

149 577 269 638 πλεῦνας
286 578 342 635 τῶν
356 573 519 655 Ζαγκλαίων
535 571 617 636 αύτδς
631 577 660 632 ἐν
673 570 852 650 α’νδραπόδων
871 570 949 654 λόγιρ

148 659 207 739 εἶχε
225 660 321 738 δήσας,
336 661 402 724 ταῶς
422 661 452 722 δὲ
474 661 642 739 κορυφαίους
663 659 753 722 αὐτῶν
773 661 949 739 τριηκοσίους

148 747 230 807 ἔδωκε
247 752 324 808 τοῖσι
340 749 474 826 Σαμίοισι
493 747 683 825 κατασφάξαι·
704 747 737 808 ού
754 749 850 826 μέντοι
871 749 900 808 οἶ
915 773 949 828 γε

141 835 252 925 ιΣάμιοι
265 836 401 910 ἐποίησαν
413 840 512 896 ταῦτα.
553 835 661 912 Σκύθης
674 836 704 896 δὲ
716 835 733 896 ὅ
745 839 801 897 τῶν
810 835 947 918 Ζαγκλαί-
957 838 1015 894 241

148 947 186 981 ων
201 921 360 1000 μούναρχος
373 926 402 980 ἐκ
416 925 466 996 τῆς
478 921 584 981 Ἰνύκου
601 921 774 1000 ἐκδιδρήσκει
787 927 815 986 ἒς
826 923 945 1000 Ἱμέρην.

148 1013 179 1068 ἔκ
195 1009 225 1068 δὲ
244 1007 346 1084 ταύτης
365 1012 458 1085 παρῆν
477 1013 504 1071 ἐς
516 1006 568 1084 τήν
580 1008 689 1085 Ἀσίην,
704 1010 750 1068 καὶ
766 1009 856 1086 άνέβη
871 1011 948 1087 παραὶ

146 1097 274 1171 βασιλέα
289 1099 418 1174 Δαρεῖον·
440 1095 490 1154 καί
502 1121 551 1173 μιν
572 1095 686 1173 ε’νόμισε
699 1100 818 1173 Δαρεῖος
837 1096 948 1158 πάντων

147 1181 253 1261 ἀνδρῶν
274 1183 448 1245 δικαιότατον
462 1184 532 1245 εἶναι
545 1183 610 1245 ὅσοι
624 1189 654 1244 εἰε
666 1189 717 1260 τῆς
729 1183 868 1248 Ἑλλάδος
882 1185 957 1262 παρ’·

147 1269 246 1332 ἑωυτόν
263 1270 418 1350 α’νέβησαν·
440 1272 486 1332 καὶ
497 1271 553 1354 γάρ
567 1271 812 1349 παραιτησάμενος
820 1273 948 1348 βασιλέα

147 1363 175 1422 ἐς
183 1360 450 1437 Σικελίηνάπίκετο,
461 1361 507 1420 καὶ
521 1359 598 1423 αι’πις
611 1363 642 1418 ἐκ
654 1363 704 1435 τῆς
713 1359 842 1436 Σικελίης
855 1358 947 1420 ὀπίσω

146 1447 223 1523 παρὰ
237 1449 372 1524 βασιλέα,
388 1453 415 1512 ἐς
428 1447 445 1509 δ
457 1446 543 1528 γήραϊ
555 1448 630 1528 μέγα
648 1445 748 1523 ὄλβιος
769 1445 821 1508 ε’ῶν
841 1447 947 1509 ἐτελεύ-

145 1557 216 1608 τησε
236 1540 265 1595 ἐν
278 1536 421 1614 Πέρσῃσι.
463 1535 566 1612 Σάμιοι
586 1535 616 1594 δὲ
636 1534 866 1615 ἀπαλλαχθέντες
882 1535 946 1612 Μή-

146 1619 207 1693 δων,
216 1620 334 1700 άπονητὶ
347 1623 432 1684 πόλιν
446 1625 604 1700 καλλίστην
612 1623 744 1706 Ζάγκλην
756 1623 946 1702 περιεβεβλή-

145 1733 207 1768 ατο.
248 1710 330 1770 Μετῶ
352 1711 381 1770 δὲ
402 1711 454 1787 τήν
477 1711 634 1789 ναυμαχίην
653 1709 705 1786 τήν
723 1709 792 1788 ύπὲρ
813 1711 944 1787 Μιλήτου
953 1713 993 1778 25

144 1799 304 1876 γενομένην,
317 1798 441 1862 Φοίνικες
461 1797 652 1860 κελευσάντων
669 1799 804 1875 Περσέων
823 1803 946 1879 κατήγου

145 1887 173 1946 ἐς
194 1886 291 1962 Σάμον
312 1884 417 1946 Αἰάκεα
440 1884 490 1946 τόν
511 1887 703 1954 Συλοσῶντος,
726 1884 762 1948 ῶς
782 1889 895 1944 πολλοῦ
914 1912 946 1948 τε

145 1970 223 2039 ἄξιον
237 1971 387 2053 γενόμενόν
403 1979 493 2048 σφισι
506 1973 552 2030 καὶ
564 1972 678 2052 μεγάλα
691 1972 944 2054 κατεργασάμενον·

146 2059 192 2116 καὶ
213 2060 348 2135 Σαμίοισι
370 2059 501 2136 μούνοισι
523 2062 578 2120 τῶν
601 2057 785 2120 α’ποστάντων
809 2059 866 2120 άπδ
888 2067 946 2120 Δα-

144 2145 228 2221 ρείου,
239 2146 285 2206 διά
298 2146 350 2222 τήν
361 2149 483 2226 ἔκλειψιν
496 2151 551 2209 τῶν
564 2151 634 2214 νεῶν,
643 2151 699 2208 τῶν
709 2153 738 2209 ἒν
750 2151 787 2228 τῇ
795 2150 944 2228 ναυμαχίη,

145 2231 208 2292 οὔτε
221 2233 240 2310 ή
253 2234 336 2298 πόλις
349 2235 413 2295 οὔτε
428 2234 465 2294 τά
486 2235 533 2313 ἱρά
554 2235 721 2314 ἐνεπρήσθη.
762 2235 944 2314 Μιλήτουλδὲ

143 2319 279 2400 ἁλούσης,
293 2322 392 2382 ου’τίκα
408 2323 517 2400 Καρίην
536 2324 622 2403 ἔυχον
643 2327 670 2384 οἱ
686 2325 806 2402 Πέρσαι,
823 2326 874 2389 πῶς
892 2328 945 2402 μὲν

144 2409 292 2486 ἐθελοντήν
312 2415 367 2471 τῶν
384 2412 491 2471 πολίων
508 2411 702 2490 ύποκυψάσας,
720 2411 770 2476 τοὶς
787 2413 818 2472 δὲ
836 2413 944 2493 υἷνάγκῃ

142 2498 369 2580 προσηγάγοντο.
410 2503 498 2559 ταῦτα
511 2502 563 2576 μὲν
576 2499 610 2574 δή
624 2499 696 2560 οὕτω
710 2500 824 2581 ἐγίνετο.
897 2529 898 2534 ’

182 2583 304 2666 Ἱστιαίῳ
322 2587 352 2646 δὲ
368 2591 407 2666 τῷ
419 2588 555 2667 Μιλησίῳ
569 2587 642 2648 ε’όντι
655 2589 719 2665 περὶ
733 2588 884 2659 Βυζάντιον
897 2589 943 2646 καὶ
951 2588 990 2647 26

142 2673 379 2750 συλλαμβάνοντι
395 2675 446 2738 πῶς
458 2673 555 2734 Ἰάνων
576 2673 698 2737 ὁλκάδας
712 2675 893 2738 ε’κπλωούσας
912 2679 942 2733 ἐκ

141 2763 192 2819 τοῦ
212 2760 334 2830 Πόντου,
353 2762 552 2842 ἐξαγγέλλεται
572 2760 609 2820 τά
630 2761 694 2838 περὶ
711 2763 844 2838 Μίλητον
863 2760 940 2842 γενό-

141 2872 221 2923 μενα.
262 2849 365 2924 τὰμὲν
381 2847 415 2923 δή
433 2849 497 2925 περὶ
509 2847 726 2922 Ἑλλήσποντον
740 2849 840 2927 ἔχοντα
852 2847 942 2928 πρήγ·

141 2959 218 3010 ματα
247 2935 392 3011 ἐπιτράπει
422 2935 561 3013 Βισάλτῃ,
588 2933 821 3011 Ἀπολλοφάνεος
851 2935 939 3002 παιδὶ,

141 3019 299 3100 Ἀβυδηνῷ·
321 3021 404 3084 αύτδς
422 3023 452 3080 δὲ
470 3023 539 3100 ἔχων
557 3022 701 3096 Λεσβίους
719 3027 746 3083 ἐς
762 3022 834 3079 Χίον
851 3021 941 3086 ἔπλεε,

142 3110 188 3168 καὶ
206 3111 283 3170 Χίων
304 3113 414 3186 φρουρῇ
437 3109 469 3167 οὐ
486 3109 657 3185 προσιεμένη
678 3132 726 3184 μιν
748 3105 891 3178 συνέβαλε
912 3108 942 3161 ἐν

142 3197 278 3257 Κοιλοισι
298 3197 495 3272 καλεομένοισι
514 3200 564 3270 τῆς
577 3196 648 3271 Χίης
667 3193 768 3271 χῶρης·
788 3187 891 3248 τούτων
910 3213 941 3247 τε

141 3284 178 3361 δή
196 3283 332 3361 ἐφόνευσε
349 3282 478 3362 συχνούς,
493 3283 540 3340 καὶ
556 3286 611 3341 τῶν
626 3281 734 3338 λοιπῶν
747 3275 823 3335 Χίων
841 3273 887 3332 οἶα
906 3272 941 3348 δή
