2294 3430
191 89 300 152 ιι-ιι]
505 85 692 136 nomm.
947 89 991 140 ιιι

191 169 308 228 ἐπύθετο
329 167 442 244 Ξέρξης,
459 166 533 226 δεινοὶ
554 166 725 244 ποιεύμενος,
745 165 796 228 τόν
814 165 993 243 Ἑλλήσπον·

190 282 239 316 τον
262 257 370 314 ἐκέλευε
391 255 554 332 τριηκοσίας
569 255 716 316 ἐπικέσθαι
735 255 855 335 μάστιγι
872 255 992 336 πληγείς,

191 343 237 402 καὶ
258 348 379 404 κατεῖναι
395 348 422 406 ἐς
435 343 468 402 τό
482 343 606 426 πέλαγος
619 344 721 420 πεδέων
743 346 847 424 ζεῦγος.
889 343 941 421 ἤδη
961 345 992 404 δὲ

189 431 298 507 ἥκουσα
312 432 347 496 ὦς
361 433 406 490 καὶ
420 433 533 512 στιγέας
546 430 605 509 ἅμα
623 432 748 492 τούτοισι
762 432 910 510 ἀπέπεμψε
931 435 990 492 στί-

189 521 287 590 ξοντας
307 520 357 580 τόν
372 518 598 595 Ἑλλήσποντον·
621 522 781 582 ἐνετέλλετο
803 520 836 596 δή
857 520 893 580 ὧν
911 511 1021 598 ῥοαί-ω’ι

189 611 286 680 ζοντας
299 609 393 689 λέγειν
403 607 541 685 βάρβαρά
553 634 584 668 τε
598 608 643 666 καὶ
657 608 816 668 ἀτάσθαλα·
832 607 879 667 “ὦ
892 608 991 685 πικρόν

188 697 268 774 ὕδωρ,
283 694 423 772 δεσπότης
435 723 480 757 τοι
494 696 572 771 δίκην
583 699 700 756 ἐπιτιθεῖ
711 697 800 772 τήνδε,
816 697 859 756 ὅτι
872 723 920 772 μιν
933 696 990 772 η’δί·

190 783 373 871 κησαςρύδέν
393 783 464 860 πρός
485 785 588 842 ἐκείνου
609 783 702 844 ἄδικον
722 783 821 844 παθόν·
844 785 889 842 καὶ
904 786 989 860 βασι-

189 872 254 934 λεύς
268 874 320 948 μὲν
334 871 439 948 Ξέρξης
454 871 624 946 διαβήσεταί
644 899 686 941 σε,
700 871 734 946 ἥν
750 899 781 930 τε
797 871 835 930 σύ
848 898 881 951 γε
894 872 989 950 βούλῃ
1018 903 1024 916 f

189 957 224 1033 ἦν
241 985 272 1018 τε
292 959 342 1035 μή·
365 960 413 1017 σοὶ
433 960 463 1017 δὲ
484 959 554 1018 κατιὶ
574 960 652 1034 δίκην
668 958 722 1036 ἄρα
739 958 826 1021 οὐδεὶς
839 957 988 1034 ἀνθρώπων

190 1046 256 1116 θύει,
272 1047 307 1110 ὦς
321 1046 393 1106 ἐόντι
407 1047 512 1127 δολερῷ
531 1074 562 1106 τε
581 1048 627 1105 καὶ
648 1047 762 1125 ἁλμυρῷ
778 1044 918 1124 ποταμῷ·”
938 1046 998 1122 τήν.

189 1160 220 1193 τε
240 1135 273 1211 δή
297 1134 449 1195 θάλασσαν
471 1137 631 1196 ἐνετέλλετο
651 1135 777 1194 τούτοισι
798 1136 921 1211 ζημιοῦν,
944 1135 990 1192 καὶ

188 1227 243 1282 τῶν
256 1223 433 1284 ἐπεστεώτων
445 1229 481 1302 τῇ
495 1223 568 1295 ζεύξι
586 1228 636 1283 τοῦ
649 1221 865 1299 Ἑλλησπόντου
885 1221 988 1281 ιίποτα-

188 1314 251 1384 μεῖν
265 1311 315 1376 τός
331 1313 467 1389 κεφαλάς.
510 1313 567 1371 Καὶ
582 1316 608 1371 οἱ
621 1315 673 1389 μὲν
685 1315 773 1371 ταῦτα
790 1311 898 1370 ἐποίεον
913 1315 988 1369 τοῖσι
998 1313 1034 1370 36

189 1395 358 1475 προσεκέετο
379 1400 447 1476 αίπη
460 1400 479 1477 ἡ
493 1399 592 1480 ἄχαρις
604 1400 682 1476 τιμή·
702 1399 752 1463 τοὶς
766 1400 795 1458 δὲ
809 1397 894 1458 όλλοι
910 1397 987 1477 ἀρχι-

188 1489 312 1553 τέκτονες
333 1489 508 1570 ἐζεύγνυσαν·
531 1489 698 1570 ἐζεύγνυσαν
714 1489 743 1547 δὲ
759 1487 820 1548 ὦδε·
841 1513 988 1563 πεντηκον-

188 1576 283 1653 τέρους
297 1578 343 1636 καὶ
355 1577 483 1655 τριήρεας
493 1579 647 1648 συνθέντες,
658 1577 713 1636 ύπό
725 1579 777 1654 μὲν
790 1575 842 1652 τήν
854 1576 924 1653 πρός
937 1581 988 1635 τοῦ

188 1663 318 1735 Εὐξείνου
340 1665 451 1726 Πόντου
474 1665 607 1742 ἑξήκοντά
627 1691 658 1727 τε
678 1666 724 1724 καὶ
744 1665 913 1743 τριηκοσίας,
932 1662 987 1724 ύπό

189 1751 281 1829 δὲτὴν
295 1755 390 1829 ἑτέρην
410 1755 663 1831 τεσσερεσκαίδεκα
684 1755 730 1811 καὶ
749 1753 919 1830 τριηκοσίας,
938 1755 988 1810 τοῦ

188 1843 239 1917 μὲν
252 1841 363 1900 Πόντου
383 1843 545 1917 ἐπικαρσίας
564 1844 615 1900 τοῦ
636 1842 665 1899 δὲ
684 1839 900 1916 Ἑλλησπόντου
918 1838 988 1898 κατὰ

188 1928 262 2003 ῥόον,
274 1929 322 1987 ἵνα·
331 1928 490 2006 ἀνακωχεύῃ
503 1928 553 1986 τόν
565 1927 647 1987 τόνον
660 1931 715 1986 τῶν
725 1927 828 1986 ὅπλων·
843 1926 988 1989 συνθέντες

189 2015 226 2084 δὲ,
241 2013 363 2094 ἀγκύρας
377 2019 498 2088 κατῆκαν
512 2013 769 2091 περιμήκεας-τὰς
781 2015 833 2090 μὲν
849 2013 919 2089 πρός
938 2018 988 2072 τοῦ

190 2101 301 2161 Πόντου
316 2106 366 2177 τῆς
379 2101 479 2178 ἑτέρης,
495 2105 549 2162 τῶν
570 2101 677 2177 ἀνέμων
697 2102 797 2161 εἵνεκεν
815 2104 870 2160 τῶν
884 2099 986 2160 ἔσωθεν

189 2189 363 2260 ἐκπνεόντων,
378 2193 428 2264 τῆς
441 2190 470 2248 δὲ
484 2190 577 2265 ἑτέρης
595 2188 668 2270 [τῆς]
682 2190 752 2266 πρός
766 2190 885 2266 ἑσπέρης
897 2214 928 2247 τε
942 2189 988 2247 καὶ

187 2281 238 2337 τοῦ
255 2276 495 2359 Αἰγαίου-εὔρου
515 2303 546 2336 τε
564 2277 610 2336 καὶ
624 2274 704 2336 νότου
720 2278 818 2336 εἵνεκα·
839 2276 988 2338 διέκπλοον

188 2365 218 2424 δὲ
230 2365 393 2443 ύπόφαυσιν
410 2366 559 2426 κατέλιπον
571 2369 626 2425 τῶν
639 2366 860 2442 πεντηκοντέρων
874 2365 919 2423 καὶ
931 2392 988 2442 τρι-

187 2459 249 2531 χοῦ,
265 2455 310 2514 ἵνα
323 2455 369 2513 καὶ
383 2458 410 2518 ἐς
422 2453 472 2514 τόν
485 2453 596 2514 Πόντον
611 2455 661 2532 ἑχη
674 2453 690 2512 ό
703 2452 879 2530 βουλόμενος
891 2455 988 2514 πλέειν

188 2543 316 2601 πλοίοισι
336 2546 476 2612 λεπτοῖσι,
499 2543 545 2602 καὶ
567 2547 596 2600 ἐκ
618 2545 668 2601 τοῦ
686 2541 799 2601 Πόντου
820 2542 879 2612 ἔξω·
900 2546 988 2602 ταῦτα
1033 2591 1035 2602 .

189 2626 218 2685 δὲ
231 2630 404 2705 ποιήσαντες,
419 2631 575 2690 κατέτεινον
588 2634 618 2688 ἐκ
631 2633 683 2709 γῆς
697 2631 901 2706 στρεβλοῦντες
918 2628 988 2689 ὄνοι·

190 2735 221 2772 σι
234 2715 372 2783 ξυλίνοισι
380 2717 415 2777 τό
425 2717 510 2788 ὅπλα,
521 2717 613 2777 ούκέτι
624 2718 708 2796 χωρὶς
722 2718 836 2794 ε’κότερα
849 2717 987 2788 τάξαντες,

191 2801 266 2862 α’λλό
279 2803 329 2862 δύο
342 2807 393 2880 μὲν
402 2807 565 2864 λευκολίνου
576 2805 728 2882 δασάμενοι
742 2810 769 2868 ἐς
778 2807 915 2882 ἑκατέρην,
923 2806 987 2864 τέσ-

191 2907 260 2967 ’σερα
282 2890 311 2948 δὲ
332 2896 386 2950 τῶν
409 2894 566 2968 βυβλίνων·
591 2891 718 2971 παχύτης
739 2895 790 2969 μὲν
810 2892 829 2967 ή
851 2891 920 2966 αύτή
943 2892 989 2950 καὶ

190 2977 325 3054 καλλονή,
339 2978 409 3037 κατὰ
428 2979 515 3060 λόγον
536 2981 565 3039 δὲ
585 2979 620 3056 ἦν
633 2981 838 3056 ἐμβριθέστερα
851 2978 887 3039 τοὶ
899 2980 987 3037 λίνεα·

190 3071 239 3126 τοῦ
251 3067 389 3128 τάλαντον
402 3065 419 3126 ό
432 3071 523 3146 πῆχυς
537 3069 621 3126 εἷλκε.
663 3067 757 3140 ἐπειδή
777 3066 806 3124 δὲ
825 3064 987 3145 ἐγεφυρώθη

188 3154 205 3216 5
218 3154 313 3234 πόρος,
325 3153 445 3234 κορμούς
457 3155 547 3225 ξύλων
561 3155 781 3233 καταπρίσαντες
795 3153 840 3210 καὶ
853 3150 987 3226 ποιήσαν-

187 3269 234 3308 τες
251 3245 331 3308 ἴσους
347 3247 398 3320 τῆς
415 3243 530 3322 σχεδίης
551 3242 589 3316 τῷ
610 3241 690 3317 εὔρεϊ,
708 3239 804 3312 κόσμῳ
823 3239 987 3300 ἐπετίθεσαν
