2280 3432
388 468 740 586 ἩΡΟΔΟΤΟΥ

295 663 557 731 ἸΣΤΟΡΙΩΝ
601 665 833 733 ΕΝΝΑΤΗ.

511 834 610 862 -ε-

453 959 674 1014 ΚΑΛΛΙΟΠΗ.

201 1066 436 1129 ΜΑΡΔΟΝῙοΣ
464 1065 501 1135 δὲ,
526 1065 561 1130 ὥς
588 1068 614 1125 οἱ
641 1064 841 1142 ἀπονοστήσας
865 1065 986 1138 Ἀλέξ-1

160 1151 259 1229 ανδρος
285 1150 321 1212 ταῖ
347 1151 424 1230 παρὰ
443 1152 597 1230 Ἀθηναίων
623 1152 754 1232 ε’σήμηνε,
778 1153 909 1230 ὁρμηθεὶς
931 1161 961 1214 έκ

160 1244 259 1298 Θεσσα
282 1240 324 1314 ίης
339 1237 391 1318 ἦγε
403 1239 456 1314 την
469 1240 605 1317 στρατιὴν
623 1240 734 1318 σπουδῇ
752 1241 797 1299 ε’πὶ
815 1239 865 1304 τός
878 1239 961 1317 Ἀθή-

159 1350 217 1389 νας·
233 1325 299 1387 ὅκου
313 1327 342 1384 δὲ
356 1327 489 1388 ἑκάστοτε
498 1327 610 1407 γίνοιτο,
622 1326 735 1390 τούτους
748 1327 960 1404 παρελάμβανε.

159 1417 236 1473 τοῖσι
257 1415 287 1474 δὲ
308 1415 471 1491 Θεσσαλίης
493 1415 672 1496 ἡγεομένοισι
696 1415 758 1474 οὔτε
779 1415 815 1476 ταὶ
836 1415 891 1492 πρό
911 1421 960 1476 τοῦ

158 1503 341 1583 πεπρηγμένα
373 1503 510 1580 μετέμελε
544 1503 629 1575 οὐδὲν,
656 1506 757 1582 πολλῷ
787 1530 818 1563 τε
847 1507 960 1580 μᾶλλον

160 1593 264 1670 ε’πῆγον
283 1589 334 1650 τόν
354 1591 480 1668 Πέρσην·
503 1591 548 1650 καὶ
568 1593 794 1669 συμπροέπεμψέ
811 1617 842 1651 τε
862 1590 961 1668 Θώρηξ

158 1675 175 1736 ό
195 1682 374 1756 Ληρισσαῖος
397 1679 501 1754 Ξέρξεα
528 1678 676 1759 φεύγοντα,
703 1679 748 1738 καὶ
771 1679 835 1740 τότε
858 1684 888 1738 ε’κ
911 1683 960 1740 τοῦ

159 1770 282 1842 φανεροῦ
295 1771 403 1842 παρῆκε
417 1767 577 1842 Μαρδόνιον
591 1767 637 1824 ε’πὶ
649 1766 702 1841 την
711 1766 847 1826 Ἐλλάδα.
880 1767 987 1826 Ἐπεῖ2

159 1850 188 1909 δὲ
206 1853 391 1928 πορευόμενος
410 1853 515 1931 γίνεται
537 1851 553 1911 ό
574 1852 695 1928 στρατός
713 1859 741 1912 έν
761 1857 919 1925 Βοιωτοῖσι,
933 1857 961 1914 οἱ

158 1941 282 2013 Θηβαῖοι
311 1938 527 2015 κατελάμβανον
548 1939 598 1998 τόν
622 1939 782 2014 Μαρδόνιον
810 1941 855 1998 καὶ
881 1967 960 2000 συνε-

158 2024 298 2101 βούλευον
312 2024 391 2103 αὐτῷ,
406 2025 536 2105 λέγοντες
547 2025 582 2088 ὥς
592 2024 642 2084 οὐκ
657 2026 698 2100 εἵη
711 2029 802 2102 χῶρος
816 2026 959 2102 ἐπιτηδεό-

157 2138 236 2186 τερος
260 2112 562 2190 ἐνστρατοπεδεύεσθαι
586 2111 699 2171 ε’κείνου·
737 2111 799 2172 οὐδὲ
821 2114 870 2171 ἔων
892 2114 960 2174 ἰέναι

158 2201 305 2278 ἑκαστέρω,
320 2199 385 2260 ἀλλ’
400 2199 484 2260 αὐτοῦ
499 2199 624 2276 ἱζόμενον
637 2200 740 2259 ποιέειν
754 2199 823 2264 ὅκως
836 2199 959 2279 ἀμαχητὶ

156 2287 209 2365 την
222 2294 319 2350 πᾶσαν
332 2287 459 2347 Ἑλλάδα
472 2280 708 2367 καταστρέψηται·
730 2297 748 2323 “
756 2287 827 2348 κατὰ
839 2291 891 2365 μὲν
904 2289 958 2368 γὰρ

156 2375 189 2436 τό
220 2377 338 2457 ἰσχυρόν
365 2375 514 2453 Ἕλληνας
541 2376 772 2453 ὁμοφρονέοντας,
802 2377 881 2453 οἵπερ
913 2377 958 2436 καὶ

157 2463 246 2540 πόρος
262 2464 351 2525 ταύτό
369 2465 528 2546 ἐγίνωσκον,
544 2463 658 2544 χαλεπᾶ
678 2463 746 2524 εἶναι
766 2466 957 2544 περιγίνεσθαι

104 2593 106 2597 -
158 2551 203 2607 καὶ
226 2550 317 2611 ἅπασι
345 2552 527 2628 ἀνθρώποισι·
569 2556 593 2611 εἰ
617 2552 646 2610 δὲ
671 2550 800 2628 ποιήσεις
821 2551 856 2612 τὰ
878 2551 959 2628 ἡμεῖς

157 2638 364 2714 παραινέομεν,”
399 2643 510 2716 ἔφασαν
542 2641 680 2723 λέγοντες,
723 2641 817 2710 ((έξεις
850 2638 958 2704 ἀπόνως

157 2723 266 2784 ἅπαντα
278 2725 314 2785 τὰ
332 2728 427 2787 κείνων
444 2728 637 2805 βουλεύματα.
678 2729 772 2805 πέμπε
784 2727 915 2807 χρήματα
928 2731 955 2791 ἒς

156 2812 221 2876 τούς
234 2813 450 2878 δυναστεύοντας
462 2815 562 2892 ἄνδρας
581 2821 610 2876 ἒν
627 2819 696 2894 τῇσι
709 2814 820 2875 πόλισι·
840 2816 957 2891 πέμπων

157 2898 195 2968 δὲ,
208 2901 260 2974 τήν
271 2899 398 2959 Ἑλλάδα
412 2902 583 2978 διαστήσεις·
607 2904 730 2963 ἐνθεῦτεν
744 2901 773 2960 δὲ
786 2903 851 2965 τούς
866 2901 906 2978 μὴ
919 2901 956 2962 ταῖ

157 2985 196 3045 σαὶ
214 2988 383 3063 φρονέοντας
398 2991 507 3066 ῥηϊδίως
523 2991 596 3067 μετὰ
611 2994 666 3050 τῶν
683 2989 861 3050 στασιωτέων
874 3014 956 3048 κατα-

156 3073 316 3153 στρόμεαι.”
356 3079 383 3136 οἱ
402 3080 454 3153 μὲν
473 3082 561 3138 ταῦτα
581 3076 796 3154 συνεβούλευον·
824 3073 888 3134 όδέ
906 3077 983 3137 οὐκ3

157 3165 288 3236 ἐπείθετο,
309 3163 388 3224 α’λλό
408 3168 435 3226 οἱ
455 3164 541 3228 δεινός
560 3191 603 3230 τις
623 3167 773 3228 ἐνέστακτο
794 3165 887 3243 ἵμερος
905 3164 956 3230 τὰς

155 3248 274 3328 Ἀθήνας
289 3251 403 3330 δεύτερα
424 3252 520 3311 ἑλέειν·
545 3251 604 3328 ἅμα
621 3254 673 3328 μὲν
687 3251 733 3311 ὕπ’
747 3252 954 3334 ἀγνωμοσύνης,
