2294 3430
139 98 187 146 180
381 125 383 131 ·
413 92 418 100 ,
443 97 625 146 ἨΡΟΔΟΤΟΤ
852 96 931 163 [VII.
1117 111 1125 150 Ι

87 174 142 232 149
153 180 209 250 σφι
225 175 354 254 ἀποχρᾶν
371 174 440 234 κοτά
457 175 490 234 τά
505 173 595 250 ἥμισυ
611 173 800 255 ἡγεομένοισι.
840 180 936 236 Ταῦτα

132 263 183 337 μὲν
197 263 315 342 λέγουσι
329 261 381 336 τὴν
396 261 508 338 βουλὴν
523 260 735 338 ἀποκρίνασθαι,
751 262 849 340 καίπερ
864 261 935 322 ἀπο-

100 347 294 429 χθιγορεθοντός
314 354 370 423 σφι
389 352 439 407 τοῦ
460 350 634 427 χρηστηρίου
654 347 695 425 μὴ
716 350 862 410 ποιέεσθαι
882 350 935 426 τὴν

132 434 203 511 πρός
225 434 289 499 τοῦς
302 434 447 511 Ἕλληνας
469 436 642 514 συμμαχίην·
664 435 791 511 σπουδὴν
811 436 841 496 δὲ
862 437 936 516 ἔχειν

99 521 258 585 ,σπονδάς
275 523 408 604 γενέσθαι
426 523 664 600 τριηκοντοέτιδας
682 523 781 600 καίπερ
794 522 827 584 τά
845 549 935 602 χρησ-

132 609 229 685 τήριον
247 611 458 686 φοβεομένοισι,
475 611 519 670 ἵνα
539 609 574 685 δὴ
595 615 651 686 σφι
672 613 699 670 οἱ
719 611 815 674 παῖδες
834 611 935 689 ἀνδρω

106 696 218 756 ἰ’θέωσι
246 701 275 757 ἓν
300 696 426 757 τούτοισι
450 700 528 757 τοῖσι
554 698 638 758 ἔτεσι·
669 698 711 774 μὴ
737 698 767 757 δὲ
793 698 936 759 σπονδέων

133 784 260 855 εὀυσέων,
274 785 463 866 ἐπιλέγεσθαι,
477 782 512 860 ἢν
525 783 580 862 ἀρα
596 786 689 861 σφέας
702 785 852 863 καταλάβῃ
865 785 935 863 πρός

58 899 60 904 ·
110 875 170 950 σῷ
182 871 310 953 γεγονότι
326 875 400 952 κακῷ
418 871 492 932 ἀλλο
509 877 639 950 πταῖσμα
656 871 727 949 πρός
743 871 793 932 τάν
809 873 933 949 Πέρσην,

48 964 51 977 “
132 959 173 1035 μὴ
191 959 224 1020 ro*
243 959 344 1020 λοιπόν
363 960 429 1022 έωσι
445 959 669 1036 Λακεδαιμονίων
685 958 813 1036 ὖπὴκοοι·
834 959 935 1020 τῶνδὲ
987 975 989 978 ’

132 1045 260 1128 ἀγγέλων
272 1046 336 1110 τούς
352 1045 409 1108 ἀπό
422 1051 472 1122 τῆς
490 1047 620 1124 Σπάρτης
632 1047 703 1125 πράς
718 1046 754 1107 τά
769 1047 889 1124 ῥηθέντα
904 1053 935 1108 ἐκ

133 1137 183 1210 τῆς
199 1135 311 1210 βουλῆς
327 1133 502 1213 ἀμείψασθαι
517 1135 622 1194 τοῖσδε·
643 1135 707 1211 περὶ
723 1136 775 1211 μὲν
793 1135 935 1196 σπονδέων

101 1243 108 1266 ε
134 1220 257 1282 ἀνοίσειν
272 1227 299 1285 ἐς
313 1222 378 1286 τούς
391 1226 521 1284 πλεῦνας·
542 1222 606 1300 περὶ
620 1221 649 1281 δὲ
662 1221 811 1303 ἡγεμονίης
825 1221 934 1282 αι’ποῖσι

134 1309 296 1370 ἐντετάλθαι
318 1308 529 1386 ὑποκρίνασθαι,
554 1309 601 1368 καὶ
624 1308 659 1384 δὴ
685 1309 786 1390 λέγειν,
808 1309 865 1385 σφὶ
883 1311 935 1386 μὲν

134 1395 203 1456 εἶναι
216 1395 265 1455 δύο
278 1396 427 1472 βασιλέας,
437 1395 592 1476 Ἀργείοισι
605 1396 635 1455 δὲ
648 1397 705 1456 ἕνα·
724 1395 810 1456 οὔκων
821 1397 934 1458 δυνατάν

134 1483 203 1543 εἶναι
220 1486 276 1542 τῶν
291 1487 321 1540 ἐκ
340 1481 470 1560 Σπάρτης
486 1481 630 1560 οὐδέτερον
643 1487 752 1542 παῦσαι
767 1487 817 1558 τῆς
833 1483 934 1564 ἡγεμο-

133 1571 202 1646 νίης·
222 1568 294 1646 μετὰ
307 1569 337 1628 δὲ
353 1569 403 1628 δύο
415 1573 470 1629 τῶν
483 1570 627 1646 σφετέρων
640 1568 793 1648 ὁμόψηφον
810 1570 859 1630 τάν
871 1568 935 1648 Ἀρ-

133 1661 210 1739 γεῖον
224 1656 292 1716 εἶναι
306 1654 420 1716 κωλύειν
433 1655 521 1716 οὐδέν.
553 1657 623 1716 οὕτω
637 1656 670 1732 δὴ
685 1659 712 1716 οἱ
724 1656 850 1737 Ἀργεῖοί
861 1663 935 1734 φασι

134 1745 184 1804 οὐκ
205 1744 382 1822 ἀνασχέσθαι
401 1746 456 1804 τῶν
476 1743 670 1820 Σπαρτιητέων
689 1742 742 1820 τὴν
761 1745 934 1820 πλεονεξίην,

134 1831 199 1891 ἀλλ’
219 1831 335 1894 ἑλέσθαι
350 1834 463 1908 μᾶλλον
480 1829 534 1891 ὖπά
552 1834 607 1891 τῶν
624 1831 780 1909 βαρβάρων
797 1830 936 1910 ἄρχεσθαι

135 1918 155 1995 ἡ
167 1945 195 1980 τι
208 1918 317 1990 ἀπεῖξαι
330 1918 585 1996 Λακεδαιμονίοισι·
599 1923 742 1996 προειπεῖν
755 1945 786 1979 τε
797 1923 874 1979 τοῖσι
885 1919 934 1999 ἀγ-

132 2008 246 2089 γέλοισι
266 2007 322 2086 πρό
345 2007 441 2079 δύντος
464 2006 547 2082 ἡλίου
567 2006 811 2067 ἀπαλλάσσεσθαι
832 2011 863 2065 ἔκ
884 2010 936 2082 τῆς

134 2095 267 2176 Ἀργείων
276 2094 377 2175 χώρης·
396 2094 459 2154 εἰδὲ
472 2094 521 2170 μὴ,
533 2095 716 2172 περιέψεσθαι
727 2093 763 2157 ὦς
772 2094 934 2170 πολεμίους.

89 2185 146 2243 150
175 2182 262 2242 Αὐτοὶ
274 2185 326 2260 μὲν
339 2181 461 2262 Ἀργεῖοι
473 2185 599 2241 τοσαῦτα
612 2181 715 2242 τούτων
728 2182 793 2258 πέρι
806 2181 934 2261 λέγουσι.

135 2270 196 2330 ἔστι
216 2270 246 2329 δὲ
265 2268 354 2332 ἄλλος
374 2268 460 2350 λόγος
480 2269 631 2350 λεγόμενος
651 2268 704 2330 α’νά
724 2269 776 2345 τὴν
798 2267 934 2336 Ἑλλάδα,

136 2355 172 2421 οἷς
184 2356 289 2433 Ξέρξης
303 2357 409 2432 ἔπεμψε
426 2355 531 2433 κήρυκα
544 2361 572 2420 ές
584 2356 690 2438 Ἀργος
701 2356 838 2434 πρότερον
851 2353 869 2431 ἡ
882 2379 934 2431 περ

90 2473 95 2482 ·
135 2443 261 2522 ὁρμῆσαι
284 2441 487 2520 στρατεύεσθαι
510 2443 556 2503 ἐπὶ
579 2442 632 2520 τὴν
653 2442 789 2502 Ἐλλάδα·
817 2441 936 2502 ἐλθόντα
1015 2501 1031 2510 ,

135 2531 166 2592 δὲ
177 2555 277 2591 τουτον
286 2530 436 2611 λιγεται
412 2535 506 2591 ειπεῖν·
524 2529 662 2609 “άνδρες’
663 2534 785 2611 Αργεῖοι,
796 2528 986 2606 βασιλευς
938 2521 1063 2652 [21

135 2617 239 2695 Ξέρξης
262 2616 365 2678 τάδει
348 2644 414 2694 υμιν
434 2617 520 2699 λέγει·
548 2617 627 2696 ἡμεῖς
650 2618 798 2694 νομίζομεν
820 2615 935 2694 Πέρσην

136 2703 248 2775 εἶναι’
231 2731 271 2765 απ
294 2702 326 2766 οὗ
347 2704 427 2815 ἡμεῖς
446 2705 609 2788 γεγόναμεν,
630 2705 717 2765 παῖδα
738 2703 866 2782 Περσέος
885 2710 936 2764 τοῦ

136 2791 256 2869 Δανάης,
270 2792 409 2907 γεγονότα
426 2798 456 2854 ἐκ
472 2797 522 2871 τῆς
538 2794 654 2870 Κηφέος
671 2790 807 2899 θυγατρός
823 2789 934 2869 Ανδρο-

134 2879 281 2957 μέδης·
249 2907 320 2942 ουτω
337 2878 371 2942 ἀν
388 2909 425 2944 ων
445 2883 539 2959 εἴημεν
558 2881 686 2958 υμέτεροι
706 2877 851 2959 ἀπόγονοι·
872 2877 936 2940 οὕτε

135 2966 173 3028 ὧν
192 2966 280 3044 ἡμέας
303 2969 377 3033 οἶκός
399 2969 445 3030 ἐπὶ
465 2969 529 3033 τοῦς
549 2967 700 3045 ἡμετέρους
719 2964 873 3046 προγόνους
893 2971 936 3026 ἐκ·

135 3054 392 3131 στρατεύεσθαι,
360 3081 423 3116 ουτε
437 3055 523 3132 υμέας
540 3053 657 3114 ἀλλοισι
673 3053 856 3130 τιμωρέοντας
867 3051 935 3129 ἡμῖν

135 3139 276 3212 ἀντιξόους
288 3144 429 3225 γενέσθαι,
443 3142 521 3203 ἀλλά
534 3167 591 3218 παρ
612 3139 678 3251 υμῖη
691 3139 802 3199 αὐτοῖσι
814 3138 935 3248 ἡσυχίην

137 3227 250 3304 ἔχοντας
269 3230 454 3306 κατὴσθαι·
438 3256 472 3306 ην
489 3228 544 3311 γάρ
561 3228 623 3306 ε’μοὶ
640 3228 753 3310 γένηται
774 3225 844 3286 κατὰ
861 3223 934 3294 νόον,
