2204 3430
178 114 286 177 79-84]
524 112 637 161 πειτα.
703 171 706 180 ,
948 109 977 159 οι

179 217 219 252 ειν
230 191 264 252 τό
273 190 388 272 Ἄργος,
402 190 507 266 παρεόν
524 190 656 254 εὐπετέως
675 215 725 267 μιν
745 191 828 250 ἐλεῖν·
849 187 866 249 ὅ
879 187 911 248 δέ
923 194 979 264 σφι

178 278 263 348 ἔλεξε,
278 276 341 338 οὔτε
354 281 378 336 εἰ
391 276 558 354 ψευδόμενος
571 275 634 337 οὔτε
655 281 679 336 εἰ
699 276 806 354 ἀληθέα
819 277 909 357 λέγων
925 276 979 355 ἔχω

179 367 327 442 σαφηνέως
347 365 432 424 εἶπαι·
454 363 530 434 ἔλεξε
551 364 574 423 δ’
589 363 625 425 ὧν
641 364 765 442 φάμενος
780 363 841 422 ἐπεί
854 389 885 423 τε
899 362 933 439 δή
946 363 979 423 τό

178 457 228 514 τοῦ
243 452 352 534 Ἀργου
373 451 434 528 ἶρδν
453 451 519 522 εἷλε,
541 452 645 512 δοκέειν
667 455 694 512 οἱ
716 451 910 528 ἐξεληλυθέναι
930 450 980 512 τόν

117 571 127 586 x
178 540 310 619 χρησμόν
329 542 380 600 τοῦ
401 539 475 599 θεοῦ·
495 539 566 617 πρός
581 539 617 600 ὧν
629 543 717 600 ταῦτα
731 539 764 599 ού
780 539 902 599 δικαιοῦν
921 563 979 598 πει-

178 631 231 704 ριῖν
251 631 302 704 τῆς
322 625 429 700 πόλιος,
452 628 518 705 πρίν
540 653 573 709 γε
597 627 631 704 δή
657 630 744 705 ἱροῖσι
762 627 911 706 χρήσηται,
931 627 977 686 καὶ

179 714 256 794 μάθῃ
270 715 324 775 εἴτε
338 717 365 775 οἶ
378 713 394 774 ό
408 713 470 778 θεός
489 715 637 792 παραδιδοῖ
650 717 704 775 εἴτε
717 718 744 774 οἱ
758 714 885 792 ἐμποδῶν
899 715 979 791 ἐστη-

180 827 220 860 κε·
242 801 461 881 καλλιερευμένῳ
481 802 510 861 δέ
524 807 552 862 ἐν
565 806 604 881 τῷ
615 803 722 881 Ἡραίῳ
736 807 765 861 ἐκ
781 806 831 861 τοῦ
852 800 978 881 ἀγάλμα-

179 915 227 952 τος
239 894 294 950 τῶν
307 891 433 966 στηθέων
447 888 545 970 φλόγα
557 889 644 965 πυρός
660 888 813 966 ἐκλάμψαι·
833 890 933 966 μαθεῖν
949 889 978 948 δέ

180 975 263 1041 αὐτός
276 976 346 1038 οίκω
358 976 411 1054 τήν
424 976 578 1054 α’τρεκηίην,
592 976 635 1035 ὅτι
649 975 698 1034 οὐκ
716 978 800 1052 αἱρέει
814 975 847 1034 τδ
862 974 976 1056 Ἀργος

181 1067 205 1123 εἰ
230 1064 357 1146 μὲνγὰρ
385 1070 415 1124 ἐκ
440 1069 491 1141 πῇς
517 1066 644 1139 κεφαλῆς
663 1067 714 1122 τοῦ
734 1062 897 1143 ἀγάλματος
923 1063 979 1131 ἐξέ-

180 1154 285 1230 λαμψε,
300 1154 400 1230 αἱρέειν
419 1150 454 1213 ἂν
474 1150 533 1212 κατ’
546 1150 631 1228 ἄκρης
650 1150 702 1226 τήν
722 1149 816 1210 πόλιν·
838 1154 868 1208 ἐκ
880 1149 979 1208 τῶνδὲ

181 1241 305 1315 στηθέων
318 1240 491 1318 λάμψαντος,
504 1243 561 1299 πᾶν
575 1242 601 1298 οἱ
614 1238 786 1314 πεποιῆσθαι
803 1236 873 1298 ὅσον
886 1235 902 1296 ό
916 1237 980 1300 θεός

182 1327 317 1402 ἐβούλετο
337 1329 478 1409 γενέσθαι.
518 1331 606 1387 ταῦτα
619 1327 649 1386 δέ
662 1327 760 1408 λέγων,
774 1324 864 1386 πιστοί
882 1351 914 1385 τε
933 1325 979 1384 καὶ

181 1415 276 1476 οἰκότα
306 1414 396 1475 ἐδόκεε
424 1415 618 1494 Σπαρτιήτῃσι
646 1415 748 1495 λέγειν,
775 1414 821 1474 καὶ
849 1412 978 1494 ἀπέφυγε

181 1502 292 1562 πολλδν
311 1503 376 1566 τούς
396 1503 552 1564 διώκοντας.

216 1588 322 1670 Ἀργος
340 1591 369 1649 δέ
387 1589 493 1667 α’νδρῶν
513 1588 641 1669 ἐχηρώθη
661 1586 739 1660 οὕτω,
754 1587 827 1648 ὥστε
840 1592 867 1648 οἱ
880 1588 977 1648 δοῦλοι
987 1590 1025 1648 83

181 1674 271 1736 αύτιῖν
292 1678 377 1756 ἐσχον
395 1676 486 1737 πάντα
506 1677 542 1737 τιέ
563 1675 716 1757 πρήγματα
734 1675 865 1755 ἄρχοντές
882 1701 914 1736 τε
933 1677 979 1734 καὶ

181 1763 327 1834 διέποντες,
339 1770 366 1826 ἐς
379 1764 396 1824 ὃ
409 1765 560 1841 ἐπήβησαν
573 1768 600 1824 οἶ
612 1769 667 1824 τῶν
679 1763 860 1840 ἀπολομένων
873 1764 976 1827 παῖδες.

181 1850 275 1911 ἐπειτό
290 1857 382 1927 σφεας
400 1849 476 1911 οὗτοι
498 1851 683 1928 ἀνακτώμενοι
705 1849 796 1911 ὀπίσω
815 1856 842 1914 ἐς
863 1849 979 1914 ἑωυτούς

180 1937 214 1996 τδ
222 1935 328 2018 Ἀργος
341 1938 489 2012 ἐξέβαλον·
510 1937 689 2013 ἐξωθεύμενοι
702 1938 732 1996 δέ
746 1939 773 1996 οἶ
786 1937 885 1996 δοῦλοι
901 1936 980 2015 μόχῃ

182 2024 267 2101 ἔσχον
279 2024 408 2098 Τίρυνθα.
448 2025 515 2086 τέως
527 2026 578 2099 μὲν
591 2023 626 2099 δή
637 2029 694 2100 σφι
707 2023 742 2099 ἦν
758 2023 864 2100 ἄρθμια
885 2028 912 2086 ἐς
929 2022 979 2082 α’λ-

181 2109 296 2186 λήλους·
318 2110 413 2169 ἔπειτα
425 2109 454 2170 δὲ
468 2114 495 2174 ἐς
507 2111 571 2173 τούς
584 2111 700 2174 δούλους
711 2111 783 2186 ἦλθε
797 2110 866 2188 ἀνήρ
882 2110 980 2188 μάντις

181 2197 350 2275 Κλέανδρος,
358 2197 438 2277 γένος
452 2195 503 2258 ἐιδν
511 2196 649 2278 Φιγαλεύς
662 2197 710 2258 ἀπ’
723 2198 878 2277 Ἀρκαδίης·
900 2196 981 2263 οὗτος

179 2283 244 2350 τούς
260 2285 376 2348 δούλους
394 2284 533 2367 ἀνέγνωσε
551 2285 698 2348 ἐπιθέσθαι
715 2291 792 2348 τοῖσι
811 2286 978 2366 δεσπότῃσι·

180 2375 210 2432 ἐκ
223 2373 322 2434 τούτου
336 2373 365 2434 δέ
378 2373 502 2451 πόλεμός
515 2380 571 2450 σφι
587 2373 622 2451 ἦν
641 2376 687 2434 ἐπὶ
703 2373 806 2454 χρόνον
823 2375 936 2455 συχνόν,
952 2381 979 2440 ἐς

180 2460 195 2521 θ
216 2461 250 2537 δή
270 2461 352 2544 μόγις
372 2465 399 2522 οῖ
418 2461 541 2543 Ἀργεῖοι
561 2461 763 2540 ἐπεκράτησαν.

219 2545 342 2629 Ἀργεῖοι
359 2551 411 2626 μέν
428 2575 476 2610 νυν
494 2549 540 2608 διὰ
554 2553 643 2610 ταῦτα
656 2549 818 2626 Κλεομένειί
832 2556 906 2626 φασι
923 2577 975 2627 μα·
985 2552 1025 2610 84

180 2633 260 2696 νέντα
275 2635 435 2697 ἀπολέσθαι
453 2640 550 2700 κακῶς·
571 2636 650 2696 αὐτοὶ
668 2637 697 2696 δέ
711 2638 887 2714 Σπαρτιῆπαί
902 2645 978 2715 φασι

181 2723 211 2776 ἐκ
231 2720 372 2797 δαιμονίου
391 2727 443 2800 μὲν
459 2723 569 2788 ούδενός
585 2728 705 2800 μανῆναι
722 2726 892 2802 Κλεομένεα,
909 2725 978 2790 Σκύ·

181 2805 249 2882 θησι
265 2806 295 2865 δέ
310 2808 487 2885 ὁμιλήσαντά
504 2836 553 2887 μιν
571 2809 765 2888 ἀκρητοπότην
782 2812 914 2893 γενέσθαι
933 2812 978 2871 καὶ

181 2897 211 2950 ἐκ
227 2891 327 2953 τούτου
344 2901 474 2972 μανῆναι·
495 2897 605 2961 Σκύθας
621 2897 677 2980 γαρ
692 2899 757 2962 τοῖς
773 2899 902 2976 νομάδας,
916 2900 980 2958 ἐπεί

181 2978 212 3037 τέ
224 2984 280 3054 σφι
294 2985 413 3057 Δαρεῖον
427 2985 563 3060 ἐσβαλεῖν
577 2990 604 3050 ἐς
616 2985 669 3060 τήν
681 2986 783 3065 χώρην,
796 2986 868 3062 μετὰ
887 2989 976 3045 ταῦτα

180 3067 327 3144 αεμονέναι
344 3093 393 3144 μιν
409 3070 555 3130 τίσασθαι·
570 3073 733 3150 πέμψαντας
749 3074 778 3132 δέ
792 3078 820 3135 ἐς
833 3070 974 3147 Σπάρτην,

180 3157 343 3236 συμμαχίην
359 3181 391 3215 τε
411 3157 556 3217 ποιέεσθαι
577 3159 623 3217 καὶ
643 3159 825 3219 συντίθεσθαι
845 3157 881 3220 οἷς
892 3156 977 3234 χρεόν

178 3243 220 3326 εἴη
239 3241 339 3308 αύτούς
356 3246 410 3322 μὲν
429 3243 495 3307 τούς
512 3245 621 3309 Σκύθας
640 3245 717 3322 παρὰ
736 3247 829 3304 Φαῖσιν
849 3242 969 3319 ποταμδι
