2280 3432
171 109 219 158 276
478 103 662 154 ἨΡΟΔΟΤΟΤ
874 101 965 161 [VIII.

170 188 281 262 ἔφασαν
294 186 394 243 δίκαιοι
410 183 479 244 εἶναι
496 183 700 260 ἀπολαβόντες,
713 184 783 243 οίπω
797 181 904 253 ἐξιέναι·
927 186 968 243 ε’ν-

171 275 260 334 θαῦτα
276 271 292 332 6
309 270 449 347 βασιλεδς
462 275 512 332 τοῦ
525 271 630 348 μισθοῦ
643 271 707 348 πέρι
721 269 851 344 οἰκούσας,
866 269 969 351 ἦνγᾶρ

171 360 241 420 κατοὶ
257 359 310 436 την
329 358 501 436 καπνοδόκην
519 365 546 423 ές
563 358 612 418 τόν
632 359 708 418 οἶκον
725 359 829 437 ἐσέχων
847 358 864 418 6
879 357 967 434 ἥλιος,

170 448 230 507 εἶπε
251 446 417 524 θεοβλαβὴς
439 445 596 529 γενόμενος·
624 457 642 483 “
649 444 754 523 μισθόν
775 446 805 504 δὲ
823 445 890 522 ὑμῖν
915 445 969 527 ε’γιδ

170 535 259 613 ὑμέων
277 535 355 605 ἄξιον
370 535 449 596 τόνδε
462 533 643 611 όποδίδωμι·”
656 535 747 604 δείξας
759 533 808 594 τόν
820 533 909 610 ἥλιον.
952 534 969 594 6

172 626 224 700 μὲν
242 623 276 698 δὴ
295 622 420 698 Γαυόνης
432 649 463 683 τε
477 622 522 681 καὶ
537 621 552 682 6
567 622 709 700 Ἀέροπος,
725 625 752 681 οἱ
770 621 967 702 πρεσβίπεροι,

172 711 297 770 ἔστασαν
319 711 549 791 ἐκπεπληγμένοι,
573 710 608 774 ως
629 708 754 786 ἥκουσαν
773 713 870 769 ταῦτα·
899 709 916 769 6
940 710 970 769 δὲ

170 803 243 868 παῖς,
262 797 395 879 ε’τόγχανε
407 799 461 879 γαρ
475 800 545 876 ἔχων
557 797 705 878 μάχαιραν,
718 798 797 860 εἶπας
808 796 883 856 τόδε·
905 796 969 856 “δε-

172 885 286 963 κόμεθα,
302 885 323 944 ὧ
342 887 476 962 βασιλεῦ,
490 885 526 946 τοὶ
546 884 659 949 διδοῖς·”
681 885 849 968 περιγράφει
865 887 902 963 τῇ
916 911 967 962 μα-

158 995 159 999 ’
170 976 255 1054 χαίρῃ
269 979 296 1038 ἐς
308 975 341 1034 τό
356 975 457 1051 ἔδαφος
469 978 519 1034 τοῦ
533 975 609 1034 οἴκου
622 973 671 1034 τόν
684 972 775 1050 ἥλιον·
795 973 971 1054 περιγράψας

170 1063 206 1137 δὲ,
223 1069 250 1126 ἐς
263 1062 312 1122 τόν
325 1062 431 1122 κόλπον
448 1063 507 1139 τρὶς
525 1061 699 1139 ἀρυσάμενος
710 1066 761 1122 τοῦ
773 1061 864 1138 ἡλίου,
879 1061 970 1120 ἀπαλ-

125 1153 182 1209 138
192 1150 319 1210 λόσσετο
333 1149 415 1214 αὐτός
430 1175 461 1209 τε
478 1150 524 1208 καὶ
542 1153 569 1208 οἶ
585 1148 645 1227 μετ’
661 1151 773 1210 ἐκείνου.
816 1153 854 1208 Οἱ
869 1151 921 1226 μὲν
935 1149 969 1226 δή

170 1237 305 1313 α’πήῖσαν·
325 1241 364 1317 τῷ
377 1239 406 1297 δὲ
418 1238 540 1314 βασιλέϊ
553 1238 683 1314 σημαίνει
699 1263 741 1300 τις
759 1240 814 1296 τῶν
827 1237 970 1314 παρέδρων

171 1325 229 1385 οἶόν
240 1352 268 1386 τι
281 1330 378 1404 χρῆμα
388 1325 515 1400 ποιήσειε
528 1325 544 1384 6
557 1329 631 1395 παῖς,
646 1325 692 1384 καὶ
703 1323 801 1388 ὦς’σδν
811 1323 865 1402 νόῳ
875 1326 970 1385 κείνων

171 1413 187 1471 6
200 1413 333 1475 νεότατος
345 1412 435 1490 λάβοι
451 1413 487 1473 τό
506 1412 644 1490 διδόμενα·
666 1413 682 1473 6
695 1413 725 1472 δὲ
737 1417 825 1473 ταῦτα
838 1411 968 1486 ἀκούσας,

171 1501 217 1559 καὶ
235 1500 364 1570 ὀξυνθεὶς,
378 1503 481 1576 πέμπει
498 1499 540 1560 ἐπ’
554 1500 654 1564 αὐτοῦς
673 1502 774 1564 ἱππέας
788 1499 967 1564 ἀπολέοντας.

170 1587 296 1664 ποταμός
316 1587 347 1646 δέ
366 1593 427 1648 ε’στι
448 1593 477 1648 ἐν
496 1593 532 1666 τῇ
551 1587 629 1667 χαίρῃ
649 1588 744 1667 ταύτῃ,
764 1592 803 1668 τῷ
823 1587 922 1648 θύουσι
943 1591 969 1648 οἶ

171 1675 276 1735 τούτων
293 1678 348 1734 τῶν
364 1674 469 1752 ἀνδρῶν
487 1674 534 1734 ἀπ’
546 1676 665 1755 Ἀργεος
684 1675 819 1756 α’πόγονοι
835 1675 969 1752 σωτήρια·

171 1760 259 1832 οὗτος,
279 1763 388 1822 ἐπείτε
409 1762 547 1839 διέβησαν
568 1767 594 1822 οἱ
614 1762 771 1840 Τημενίδαι,
790 1763 878 1844 μέγας
899 1763 969 1823 οὕτω

171 1849 254 1928 ἐρρύη
267 1849 339 1911 ὥστε
351 1850 417 1915 τούς
431 1851 530 1914 ἱππέας
539 1849 581 1928 μή
595 1851 670 1914 οἴους
682 1877 712 1910 τε
726 1850 858 1932 γενέσθαι
869 1851 967 1928 διαβῆ-

170 1965 224 1998 ναι.
252 1942 279 1999 οἱ
292 1939 330 2010 δὲ,
343 1937 505 2016 ἀπικόμενοι
516 1945 543 2002 ές
556 1938 649 2016 ἄλλην
659 1943 714 2020 γῆν
723 1942 773 2015 τῆς
786 1939 968 2015 Μακεδονίης,

170 2028 288 2104 οἴκησαν
297 2029 386 2092 πέλας
394 2032 449 2089 τῶν
460 2028 553 2104 κήπων
561 2032 615 2088 τοῖν
625 2027 783 2109 λεγομένων
794 2025 863 2087 εἶναι
874 2027 969 2087 Μίδεω

169 2121 219 2175 τοῦ
240 2117 368 2194 Γορδίεω·
397 2121 427 2175 ἐν
450 2120 526 2174 τὀἳσι
548 2115 648 2192 φύεται
672 2113 817 2192 αὐτόματα
838 2114 914 2192 ῥόδα,Ι
941 2115 969 2176 ἓν

171 2204 289 2264 ἕκαστον
303 2205 368 2282 ἔχον
380 2202 512 2278 ἑξήκοντα
526 2203 633 2279 φύλλα,
647 2201 721 2282 ὀδμῇ
733 2227 764 2262 τε
777 2201 969 2279 ὕπερφέροντα

169 2295 224 2350 τῶν
234 2289 338 2350 ἄλλων.
366 2293 394 2350 ἔν
403 2289 529 2350 τούτοισι
539 2292 585 2350 καὶ
599 2290 615 2351 6
630 2291 750 2366 Σιληνός
762 2294 839 2349 τοῖσι
853 2289 970 2365 κήποισι

170 2377 238 2454 ἥλω,
253 2377 288 2440 ὥς
301 2378 413 2458 λέγεται
426 2377 480 2438 ὖπδ
492 2378 667 2438 Μακεδόνων·
682 2377 751 2454 ὑπὲρ
765 2377 795 2437 δὲ
807 2382 863 2438 τῶν
876 2377 969 2453 κη’πων

171 2464 252 2543 οὖρος
265 2465 362 2540 κέεται,
378 2467 499 2544 Βέρμιον
512 2466 624 2544 οὔνομα,
636 2465 745 2542 ἄβατον
757 2465 813 2526 ὑπό
825 2469 969 2545 χειμῶνος.

171 2554 295 2614 ἐνθεῦτεν
308 2553 338 2614 δὲ
351 2554 527 2633 όρμειίμενοι,
543 2554 578 2618 ιός
595 2554 700 2630 ταύτην
713 2554 808 2631 ἔσχον,
824 2552 970 2630 κατεστρέ-

124 2645 180 2703 139
192 2647 280 2718 φοντο
294 2644 339 2702 καὶ
352 2643 404 2719 την
416 2642 508 2718 ἄλλην
524 2641 710 2718 Μακεδονίην.
739 2640 812 2701 Ἀπδ
827 2640 925 2700 τούτου
936 2639 970 2716 δὴ

169 2733 220 2789 τοῦ
234 2730 390 2808 Περδίκκεω
403 2729 588 2806 Ἀλέξανδρος
602 2726 654 2789 ὦδε
668 2727 800 2810 ε’γεγόνεε,
830 2727 971 2806 Ἀμύντεω

172 2821 238 2882 παῖς
258 2817 293 2894 ἦν
312 2817 503 2896 Ἀλέξανδρος·
529 2816 666 2895 Ἀμύντης
684 2817 713 2876 δὲ
729 2815 876 2876 Ἀλκέτεω·
903 2815 970 2874 Ἀλ-

171 2907 252 2966 κέτεω
279 2906 308 2966 δέ
331 2905 423 2983 πατὴρ
444 2905 479 2982 ἦν
504 2904 649 2982 Ἀέροπος·
682 2909 733 2966 τοῦ
760 2904 790 2964 δὲ
816 2905 969 2966 Φίλιππος·

170 2995 313 3054 Φιλίππου
329 2994 359 3054 δὲ
375 2993 517 3075 Ἀργαῖος·
537 2997 587 3052 τοῦ
606 2993 636 3052 δὲ
653 2992 810 3069 Περδίκκης
829 2991 845 3051 6
866 2991 969 3068 κτησό·

170 3107 252 3160 μενος
265 3082 317 3158 τὴν
330 3081 429 3162 ἀρχήν.
472 3079 596 3162 ἐγεγόνεε
609 3082 661 3158 μὲν
674 3079 708 3156 δή
723 3077 775 3140 ὧδε
787 3079 971 3158 Ἀλέξανδρος

173 3169 351 3247 ὁἈμόντεω.
809 3175 813 3182 ’

146 3257 183 3316 40
231 3257 279 3320 Ὣς
291 3257 321 3316 δὲ
334 3256 448 3317 ἀπίκετο
462 3259 489 3320 ές
501 3253 553 3320 τός
563 3253 685 3334 Ἀθήνας
702 3251 898 3333 ἀποπεμφθεὶς
916 3253 972 3317 όπδ
