2280 3432
167 129 214 177 ιιι
481 123 667 186 Ἥνοαουοι
904 121 968 186 [υε.

120 209 159 270 12
208 209 245 267 Οἶ
264 209 316 284 μέν
337 205 371 283 δή
393 209 421 268 ἐς
441 203 491 264 τόν
509 202 627 279 Ἰσθμόν
647 201 807 284 ήπείγοντο.
848 201 973 284 Ἀργεῖοι

168 297 205 366 δέ,
221 295 325 354 ἐπείτε
343 293 466 372 τάχιστα
485 291 619 352 ἐπύθοντο
636 290 700 353 τούς
719 290 790 367 μετά
804 293 973 352 Παυσανίεω

168 381 369 458 ἐξεληλυθότας
393 386 423 440 ἐκ
447 380 584 458 Σπάρτης,
611 379 756 456 πέμπουσι
780 378 893 456 κήρυκα,
917 385 974 442 τῶν

107 519 109 528 .
167 469 363 548 ἡμεροδρόμων
380 469 538 546 ἀνευρόντες
554 467 603 527 τόν
622 466 746 544 ἄριστον,
767 471 794 530 ἐς
812 466 864 544 τήν
881 468 974 529 Ἀττι·

168 558 227 634 κῆν,
238 557 373 636 πρότερον
387 555 466 617 αὐτοὶ
476 557 625 635 Μαρδονίῳ
638 555 839 632 ύποδεξάμενοι
852 557 975 636 σχήσειν

168 646 216 706 τόν
241 645 418 722 Σπαρτιήτην
436 645 476 722 μή
499 645 606 713 ἐξιέναι·
627 643 657 706 ὂς
679 643 741 702 ἐπεί
758 669 789 703 τε
810 643 923 702 ἀπίκετο
944 649 975 708 ἐς

167 734 216 796 τοὶς
235 733 362 810 Ἀθήνας,
386 735 464 814 ἐλεγε
485 731 560 793 πόδε·
596 742 613 767 “
622 731 772 809 Μαρδόνιε,
792 731 919 809 ἔπεμψάν
935 758 975 810 με

167 820 290 902 Ἀργεῖοι
309 820 457 898 φράσοντά
477 847 521 881 τοι
540 819 583 880 ότι
602 824 631 878 ἐκ
650 818 857 895 Λακεδαίμονος
877 819 974 896 ἐξελή-

168 909 268 986 λυθεή
285 908 388 986 νεότης,
403 909 449 968 καὶ
468 908 503 972 ὦς
522 907 553 967 ού
573 908 683 968 δυνατοὶ
702 907 788 983 αὐτὴν
807 908 898 987 ἴσχειν
916 909 973 968 εἶσὶ

167 996 290 1079 Ἀργεῖοι
309 997 350 1075 μή
376 996 426 1056 ούκ
452 996 559 1066 ἐξιέναι.
602 995 671 1072 πρός
691 999 779 1054 ταῦτα
799 995 920 1076 τύγχανε
941 995 973 1056 εὖ

122 1087 158 1144 13
167 1084 398 1163 βουλευόμενος.”
439 1083 474 1142 ‘0
488 1085 539 1160 μὲν
559 1084 601 1160 δή,
617 1085 695 1146 εἶπας
710 1088 805 1154 ταῦτα,
820 1083 973 1145 ἀπαλλάσ-

169 1200 236 1233 σετο
249 1173 349 1233 όπίσω·
372 1171 530 1250 Μαρδόνιος
544 1172 574 1231 δέ
589 1171 719 1248 οὐδαμῶς
729 1172 767 1232 ἔτι
780 1171 923 1249 πρόθυμος
936 1172 973 1248 ἦν

167 1261 259 1338 με’νειν
280 1267 308 1320 ἐν
325 1267 361 1340 τῇ
380 1260 503 1338 Ἀττικῇ,
521 1259 555 1323 ώς
574 1258 678 1336 ἤκουσε
696 1264 793 1319 ταῦτα.
834 1253 899 1337 πρὶν
918 1264 973 1338 μέν

168 1374 216 1410 νυν
236 1347 254 1424 ἦ
275 1349 422 1419 πυθέσθαι,
444 1346 602 1427 ἀνεκώχευε,
625 1348 714 1408 θέλων
735 1347 833 1407 εἶδέναι
853 1348 885 1408 τό
905 1347 972 1428 παρ’

167 1434 320 1513 Ἀθηναίων
341 1436 434 1496 όκοῖόν
454 1462 482 1495 τι
502 1436 665 1511 ποιήσουσι·
688 1435 733 1493 καὶ
754 1433 817 1495 οὔτε
838 1436 972 1513 ἐπήμαινε

168 1522 231 1583 οὔτε
249 1525 356 1583 ἐσίνετο
372 1527 427 1604 γῆν
444 1523 496 1598 τὴν
511 1522 649 1599 Ἀττικήν,
669 1524 787 1594 ἐλπίζων
804 1525 849 1583 διαὶ
868 1525 972 1591 παντός

167 1615 217 1670 τοῦ
229 1610 331 1690 χρόνου
348 1610 538 1690 ὁμολογήσειν
555 1611 656 1686 σφέας·
679 1611 738 1669 ἐπεὶ
757 1611 786 1670 δὲ
805 1612 854 1670 ούκ
871 1613 970 1686 ἔπειθε,

167 1697 322 1773 πυθόμενος
347 1697 397 1757 τόν
424 1696 514 1757 πάντα
544 1697 640 1778 λόγον,
670 1698 736 1775 πρὶν
763 1696 782 1775 ἢ
807 1699 871 1762 τούς
897 1695 971 1777 μετά

168 1785 334 1844 Παυσανίεω
362 1790 389 1848 ἐς
415 1783 465 1844 τόν
487 1785 604 1867 Ἰσθμόν
631 1788 777 1863 ἐμβαλεῖν,
801 1786 972 1865 ὑπεξεχώρεε

168 1873 315 1951 ἐμπρήσας
334 1899 365 1934 τε
385 1871 436 1937 τάς
456 1871 583 1948 Ἀθήνας,
604 1874 650 1932 καὶ
671 1874 696 1932 εί
716 1874 765 1934 κού
784 1901 812 1934 τι
832 1873 917 1951 ὀρθόν
935 1875 971 1952 ἦν

167 1967 221 2023 τῶν
242 1949 353 2042 τειχέων
374 1961 393 2038 ἢ
416 1965 471 2022 τόν
493 1961 648 2039 οἶκημότων
670 1960 688 2037 ἢ
709 1965 763 2022 τῶν
783 1964 855 2039 ἱρῶν,
879 1961 971 2024 πάντα

168 2051 338 2128 καταβαλών
372 2051 417 2110 καὶ
452 2051 613 2131 συγχώσας.
656 2050 790 2126 ἐξήλαυνε
823 2049 854 2108 δέ
885 2051 972 2112 τῶνδε

169 2139 277 2209 εἵνεκεν,
292 2137 335 2198 ὅτι
349 2138 412 2198 ούτε
432 2139 575 2214 ἱππασίμη
589 2137 608 2213 ή
624 2137 701 2216 χώρη
720 2135 755 2212 ἦν
774 2136 794 2212 ἧ
809 2135 932 2214 Ἀττική,
947 2141 973 2199 εί

167 2253 199 2286 τε
212 2231 308 2304 νικῷτο
323 2225 653 2302 συμβαλῶνοῖπόλλαξις
667 2224 716 2284 ούκ
733 2222 768 2300 ἦν
787 2223 830 2285 ὅτι
845 2225 886 2302 μή
900 2220 971 2286 κατά

168 2313 286 2382 στεινόν,
301 2312 373 2371 ὥστε
387 2313 432 2371 καὶ
451 2311 564 2392 όλίγους
585 2313 677 2388 σφέας
694 2311 854 2389 ἀνθρώπους
867 2314 970 2392 ἴσχειν.

169 2400 334 2477 ἐβουλεύετο
355 2399 400 2471 ὧν,
421 2400 640 2480 ἐπαναχωρήσας
659 2405 686 2464 ἐς
702 2399 750 2462 ταὶς
771 2399 878 2476 Θήβας,
899 2427 971 2478 συμ-

167 2489 270 2564 βαλεῖν
283 2488 353 2566 πρός
366 2488 435 2548 πόλι
448 2515 479 2549 τε
493 2489 576 2568 φιλίη
591 2489 637 2548 καὶ
650 2488 727 2567 χώρη
742 2489 894 2566 ἱππασίμη.

122 2577 160 2635 14
209 2577 367 2653 Μαρδόνιος
380 2579 432 2653 μὲν
445 2576 478 2652 δή
497 2576 675 2655 ὑπεξεχώρεε·
696 2575 749 2652 ήδη
769 2575 799 2634 δέ
818 2580 846 2636 ἐν
863 2580 900 2654 τῇ
916 2576 972 2656 ὁδῷ

169 2663 241 2725 ἐόντι
251 2663 322 2742 αὐτῷ
335 2664 406 2740 ἦλθε
420 2663 546 2746 ἀγγελίη,
556 2663 715 2741 πρόδρομον
729 2662 822 2739 ἀλλην
836 2662 972 2740 στρατιήν

167 2751 244 2828 ἥκειν
258 2757 285 2815 ἐς
298 2752 426 2833 Μέγαρα,
440 2752 663 2828 Λακεδαιμονίων
675 2751 793 2830 χιλίους·
815 2749 971 2827 πυθόμενος

169 2840 301 2898 δὲταῦτα
318 2840 491 2915 ἐβουλεύετο,
508 2839 597 2899 θέλων
618 2840 643 2897 εί
662 2864 713 2901 κως
729 2837 844 2901 τούτους
860 2841 972 2913 πρῶτον

169 2926 238 2984 ἕλοι·
279 2926 458 3004 ἀποστρέψας
486 2926 515 2984 δὲ
540 2925 592 3001 τήν
624 2924 759 3002 στρατιήν
784 2924 836 3005 ἦγε
864 2925 908 2983 ἐπὶ
935 2925 972 2985 τά

168 3014 298 3092 Μέγαρα·
339 3014 358 3088 η’
385 3015 415 3072 δέ
443 3015 526 3075 ἵππος
559 3012 741 3088 προελθοῦσα
773 3011 972 3071 κατιππάσατο

167 3099 262 3177 χώρην
274 3100 326 3176 τήν
342 3101 497 3181 Μεγαρίδα.
540 3099 579 3177 (ἐς
594 3097 696 3175 ταύτην
716 3098 749 3174 δή
765 3098 907 3157 ἐκαστοίτω
920 3103 970 3176 τῆς

168 3185 303 3265 Εύρώπης
322 3188 356 3248 τό
376 3187 445 3263 πρός
464 3185 546 3262 ἡλίου
567 3186 694 3250 δύνοντος
713 3186 732 3261 ἦ
753 3185 880 3264 Περσική
901 3184 972 3264 αὕτη

193 3274 287 3348 τρατιή
300 3273 438 3351 ἀπίκετο.)
480 3271 563 3332 Μετά
582 3271 613 3330 δέ
627 3277 723 3339 ταῦτα,
738 3271 886 3349 Μαρδονίῳ
898 3270 973 3346 ἦλθε
