2280 3432
163 82 256 149 8-11]
465 82 653 134 KAAMonn.
913 87 962 134 τοι

161 167 238 225 τοῖσι
258 161 439 244 ἀπιγμένοισι
458 160 516 222 άπδ
532 165 588 223 τῶν
607 163 723 234 πολίων,
743 163 840 228 νυκτός
859 165 899 226 ἐτι
919 169 961 226 ἐκ·

162 251 307 329 πέμπουσι
326 252 571 331 πεντακισχιλίους
591 252 793 329 Σπαρτιητέων,
814 251 872 334 [καὶ
893 252 963 312 ἐπτά

162 338 227 416 περὶ
245 339 364 398 ἕκαστον
377 337 509 408 τάξαντες
524 343 579 399 τῶν
597 339 736 422 εἱλιύτων,]
759 341 908 418 Παυσανίῃ
924 345 963 420 τῷ

162 425 370 504 Κλεομβρότου
397 427 592 505 ἐπιτρέψαντες
619 427 735 509 ἐξάγειν.
777 429 885 510 ἐγένετο
911 429 963 506 μέν

161 513 242 590 νυνή
260 513 395 594 ἡγεμονίη
409 513 612 595 Πλειστάρχου
631 519 681 576 τοῦ
694 516 843 576 Λεωνίδεω·
864 515 961 577 άλλίί

161 604 213 679 μὲν
238 600 273 678 ἦν
299 603 340 661 ἔτι
366 605 439 671 παῖς,
466 600 482 661 ό
506 601 536 660 δὲ
562 602 661 663 τούτου
685 603 835 681 ἐπίτροπός
860 629 891 665 τε
915 605 962 664 καὶ

160 687 283 768 ἀνεψιός·
304 688 510 766 Κλεόμβροτος
522 688 586 770 γάρ,
597 689 613 750 ό
624 691 791 750 Παυσανίεω
803 694 855 769 μὲν
868 692 961 770 πατὴρ

160 775 376 855 Ἀναξανδρίδεω
389 777 418 836 δέ
435 781 509 847 παῖς,
524 776 615 837 ούκέτι
630 783 737 855 περιῆν·
758 779 835 839 οἷλλά
854 778 961 860 άπαγα-

160 864 217 944 γων
244 871 274 925 ἐκ
300 869 351 925 τοῦ
370 863 489 943 Ἰσθμοῦ
508 864 560 940 την
580 864 715 941 στρατιήν
734 864 786 942 την
811 866 845 927 τό
868 871 962 946 τεῖχος

161 951 304 1029 δείμασαν,
317 952 390 1031 μετά
403 956 492 1012 ταῦτα
508 951 540 1012 ού
556 952 666 1012 πολλόν
684 952 787 1031 χρόνον
804 953 866 1015 τινά
878 953 962 1029 βιούς

161 1037 290 1100 άπέθανε.
332 1040 437 1122 (ἀπῆγε
451 1040 481 1100 δέ
495 1039 548 1116 την
563 1039 698 1118 στρατιὴν
718 1039 734 1102 ό
755 1041 961 1118 Κλεόμβροτος

161 1130 192 1184 ἐκ
204 1130 254 1186 τοῦ
266 1127 385 1205 Ἰσθμοῦ
399 1128 445 1188 διαὶ
456 1127 530 1188 τόδε·
552 1129 675 1207 θυομένῳ
688 1131 715 1188 οἱ
736 1129 782 1190 ἐπὶ
797 1134 835 1209 τῷ
850 1130 960 1208 Πέρσῃ,

161 1213 270 1290 όῆλιος
287 1215 438 1294 ἀμαυρώθη
453 1219 533 1295 ἐντῷ
551 1214 676 1297 ούρανῷ.)
717 1217 915 1294 προσαιρέεται
931 1217 961 1276 δὲ

161 1304 250 1380 ἑωυτῷ
271 1305 434 1380 Παυσανίης
453 1302 636 1381 Εὐρυάνακτα
655 1303 706 1365 τόν
727 1305 855 1382 Δωριέος,
875 1303 961 1382 ἄνδρα

161 1390 247 1466 οἰκίης
263 1389 344 1451 ἐόντα
358 1394 409 1467 τῆς
429 1390 522 1468 αύτῆς.
565 1393 602 1450 Οἱ
620 1393 673 1468 μὲν
688 1390 722 1468 δη
741 1391 794 1452 σύν
812 1393 1006 1478 ΠαυσανίηΙῙ

161 1477 367 1554 ἐξεληλύθεσαν
398 1478 448 1548 ἔξω
479 1477 619 1556 Σπάρτης·
660 1482 687 1540 οἶ
713 1479 743 1538 δὲ
769 1478 895 1561 ἄγγελοι,
927 1481 963 1544 ὥς

159 1564 250 1643 ἡμέρη
264 1564 397 1648 ἐγεγόνεε,
412 1567 490 1628 οὐδὲν
504 1565 605 1630 εἰδότες
617 1567 681 1644 περὶ
696 1571 746 1644 τῆς
765 1567 861 1638 ἐξόδου
875 1571 962 1644 ἐπῆλ-

160 1653 211 1714 θον
224 1655 270 1714 ἐπὶ
282 1654 348 1718 τούς
361 1654 488 1733 ἐφόρους,
500 1661 528 1716 ἐν
538 1655 591 1735 νόῳ
605 1653 639 1731 δὴ
654 1657 763 1735 ἔχοντες
775 1655 961 1716 ἀπαλλάσσε-

160 1744 228 1802 σθαι
241 1744 287 1803 καὶ
303 1741 384 1804 αὖτοὶ
400 1744 446 1803 ἐπὶ
463 1743 516 1820 τήν
534 1747 634 1804 ἑωυτοῦ
651 1745 777 1808 ἕκαστος·
799 1743 963 1808 ἐπελθόντες

178 1832 190 1888 ἐ
208 1832 305 1912 ἔλεγον
322 1831 398 1892 τάδε·
421 1831 500 1909 ύμεῖς
515 1830 616 1908 μὲν,“ὦ
633 1831 855 1908 Λακεδαιμόνιοι,
877 1831 962 1892 αύτοῦ

160 1919 226 1998 τῇδε
239 1921 369 1997 μένοντες
381 1919 524 1980 Ὑακίνθιά
537 1944 568 1980 τε
584 1917 665 2002 άγετε
681 1920 728 1978 καὶ
747 1919 859 1990 παίζετε
879 1945 961 1980 καται

160 2006 309 2085 προδόντες
322 2009 386 2072 τούς
399 2006 574 2086 συμμάχους·
591 2005 739 2084 ,Ἀθηναῖοι
754 2006 792 2077 δέ,
806 2007 841 2069 ὦς
857 2006 961 2066 ἀδικεό-

160 2121 238 2173 μενοι
256 2094 311 2156 ύπδ
325 2094 423 2172 ύμέων,
438 2094 509 2178 χήτι
527 2094 683 2176 συμμάχων
699 2093 905 2156 καταλύσονται
924 2098 963 2175 τῷ

161 2185 262 2264 Πέρση
283 2183 355 2246 οὕτω
375 2184 444 2248 ὅκως
463 2181 497 2244 ἂν
517 2183 657 2246 δύνωνται·
678 2183 903 2261 καταλυσάμενοι
923 2183 960 2255 δὲ,

161 2272 235 2350 δῆλα
247 2273 303 2356 γάρ
321 2274 355 2350 δὴ
375 2272 419 2334 ὅτι
435 2273 583 2352 σύμμαχοι
598 2274 737 2348 βασιλέος
755 2272 898 2354 γινόμεθα,
912 2299 960 2332 συ-

161 2362 393 2442 στρατευσόμεθα
406 2363 453 2422 ἐπὶ
465 2361 517 2437 τήν
530 2359 564 2420 ἂν
578 2364 676 2421 ἐκεῖνοι
690 2361 864 2443 ἐξηγέωνται·
884 2360 963 2438 ὑμεῖς

161 2450 190 2508 δὲ
203 2451 236 2510 τό
250 2452 374 2512 ἐνθεῦτεν
383 2449 551 2530 μαθήσεσθε
565 2447 658 2509 ὁκοῖον
668 2447 702 2510 άν
714 2475 742 2508 τι
754 2447 820 2525 ύμῖν
834 2448 866 2517 ἐξ
877 2447 963 2508 αύτοῦ

162 2538 304 2617 ἐκβαίνῃ.”
344 2543 432 2600 ταῦτα
447 2537 586 2620 λεγόντων
603 2539 658 2596 τῶν
674 2535 810 2617 α’γγέλων,
824 2538 851 2594 οἱ
865 2537 963 2612 ἔφοροι

163 2624 242 2685 εἶπαν
262 2625 304 2686 ἐπ’
323 2626 416 2704 ὅρκου,
433 2628 480 2687 καὶ
500 2626 534 2703 δη
555 2625 659 2685 δοκέειν
679 2624 749 2684 εἶναι
768 2628 797 2684 ἐν
812 2622 963 2702 Ὀρεστείῳ

164 2712 325 2794 στείχοντας
345 2716 391 2775 ἐπὶ
410 2707 475 2779 πούς
495 2715 608 2784 ξείνους·
635 2711 752 2792 (ξείνους
771 2711 826 2793 γάρ
848 2708 963 2770 ἐκάλεον

164 2802 226 2867 τούς
237 2801 426 2882 βαρβάρους)
447 2806 474 2862 οἶ
488 2803 517 2862 δὲ
531 2801 566 2864 ὥς
580 2800 630 2861 ούκ
645 2799 746 2863 εἰδότες
759 2797 921 2877 ἐπειρώτεον
930 2797 963 2858 τό

20 2953 21 2960 ,
164 2890 324 2971 λεγόμενον,
351 2889 523 2968 ἐπειρόμενοι
549 2889 579 2949 δέ
607 2888 741 2966 ἐξέμαθον
767 2891 824 2948 πᾶν
848 2885 881 2946 τό
908 2886 963 2946 ἐόν·

20 2975 25 3039 ¹.
102 2986 105 2990 ’
164 2977 236 3040 ὥστε
250 2985 278 3039 ἐν
292 2979 399 3058 θαύματι
411 2977 563 3060 γενόμενοι,
578 2975 741 3054 ἐπορεύοντο
758 2974 812 3050 τήν
827 2974 964 3052 ταχίστην

164 3066 315 3133 διώκοντες·
356 3067 410 3128 σύν
436 3067 467 3126 δέ
493 3072 557 3142 σφι,
583 3069 639 3125 τῶν
665 3064 810 3141 περιοίκων
833 3061 966 3120 Λακεδαι-

163 3158 264 3234 μονίων
281 3155 401 3242 λογάδες
417 3151 642 3232 πεντακισχίλιοι
656 3150 771 3211 ὁπλῖται
780 3147 868 3210 τώυτό
882 3151 965 3208 τοῦτο

165 3246 281 3308 ἐποίεον.
