2280 3432
186 104 233 147 ‘280
406 99 589 146 ἨΡΟΔΟΤΟΤ
606 98 758 145 ΟΤΡΑΝΙΑ,
889 96 982 160 [VIII.

185 178 256 255 ἤπερ
270 177 433 257 ὁμολογέειν
446 180 484 254 τῷ
495 179 584 234 ταῦτα
599 175 787 256 ἐργασαμένῳ·
810 176 886 238 αὖτις
900 176 937 246 δὲ,
950 179 985 237 τδ

185 263 351 340 ΙΕλληνικόν
378 263 423 323 ε’ὂν
451 262 572 340 ὅμαιμόν
598 289 629 323 τε
654 264 699 321 καὶ
724 261 924 343 ὁμόγλωσσον,
938 266 984 325 καὶ

187 353 256 414 θεῶν
275 351 409 429 ἱδρύματά
422 377 453 411 τε
467 349 545 410 κοινὰ
559 351 605 410 καὶ
624 351 726 420 θυσίαι,
741 349 811 426 ἤθεά
823 377 854 410 τε
868 351 985 429 ὁμότρο-

185 467 235 500 πα·
264 444 318 500 τῶν
339 438 476 516 προδότας
498 437 631 520 γενέσθαι
652 438 815 516 Ἀθηναίους
832 439 882 498 οὐκ
899 439 934 500 ἂν
955 440 985 502 εὖ

188 529 254 607 ἔχοι.
298 528 454 587 ἐπίστασθέ
465 553 496 586 τε
510 527 588 596 οὕτω,
603 531 626 586 εἰ
644 527 684 604 μὴ
700 527 745 586 καὶ
759 527 894 605 πρότερον
908 533 985 609 ε’τυγ-

188 615 286 694 χάνετε
300 614 487 690 ἐπιστάμενοι·
505 613 560 674 ἔστ’
577 613 610 674 ἂν
621 616 666 674 καὶ
681 616 718 679 εἶς
731 621 813 694 περιῇ
823 615 985 691 Ἀθηναίων,

187 701 302 780 μηδαμᾶ
317 702 547 784 ὁμολογήσοντας
565 702 652 779 ἡμέας
666 705 765 782 Ξέρξη·
787 704 877 779 ὑμέων
890 703 985 781 μέντοι

187 791 315 872 ἀγοίμεθα
337 789 388 866 τὴν
410 792 542 868 προνοίην
565 791 617 866 τὴν
638 796 666 854 ε’ς
683 791 770 867 ἡμέας
792 792 920 869 ἔχουσαν,
942 791 985 851 ὅτι

187 879 328 955 προείδετε
340 878 432 955 ἡμέων
446 879 688 956 οἰκοφθορημένων
702 878 780 948 οὕτω,
793 877 865 938 ὥστε
879 879 985 955 ἐπιθρέ-

188 975 240 1045 ψαι
263 969 369 1027 ἐθέλειν
392 967 484 1043 ἡμέων
507 965 571 1029 τούς
595 967 710 1029 οἰκέτας·
742 966 787 1024 καὶ
806 963 874 1045 ἡμῖν
895 960 986 1042 μὲνὴ

189 1055 270 1134 χάρις
301 1055 521 1132 ἐκπεπλήρωται
555 1054 638 1130 ἡμέες
668 1054 763 1130 μέντοι
789 1053 986 1130 λιπαρήσομεν

188 1142 257 1203 οὕτω
275 1142 344 1206 ὅκως
364 1140 398 1202 ἂν
416 1144 528 1221 ἔχωμεν,
551 1140 629 1201 οὐδὲν
647 1141 795 1204 λκιπέοντες
816 1141 910 1218 ἡμέας·
937 1145 986 1202 νῦν

188 1231 224 1306 δὲ,
244 1230 280 1294 ὥς
297 1230 366 1290 οὕτω
387 1228 669 1310 έχόντων,,στρατιὴν
691 1227 726 1292 ὦς
744 1227 867 1306 τάχιστα
886 1230 985 1306 ε’κπέμ-

188 1343 263 1378 πετε·
292 1317 327 1382 ὦς
347 1317 401 1398 γοῖρ
429 1317 512 1395 ἡμέες
539 1315 689 1394 εἰκάζομεν,
719 1315 768 1376 οὐκ
796 1317 858 1380 ἑκὰς
884 1317 986 1395 χρόνου

188 1407 326 1483 παρέσται
346 1405 362 1466 ὁ
383 1405 532 1482 βάρβαρος
554 1403 687 1480 ε’σβαλῶν
715 1410 742 1467 ές
768 1404 820 1479 τὴν
840 1405 982 1482 ἡμετέρην,

189 1493 254 1554 ἀλλ’
279 1493 388 1553 ἐπειδὰν
413 1493 536 1570 τάχιστα
562 1492 683 1568 πύθηται
706 1492 758 1567 τὴν
782 1492 916 1573 ἀγγελίην
943 1492 986 1552 ὅτι

189 1581 267 1640 οὐδὲν
297 1580 453 1657 ποιήσομεν
479 1585 534 1640 τῶν
561 1583 663 1643 ἐκεῖνος
689 1579 781 1657 ἡμέων
808 1579 985 1656 προσεδέετο.

188 1669 254 1746 πρὶν
278 1667 315 1728 ὧν
335 1672 462 1744 παρεῖναι
484 1671 586 1727 ἐκεῖνον
609 1672 636 1730 ές
659 1667 710 1742 τὴν
736 1666 874 1742 Ἀττικὴν,
898 1666 986 1743 ἡμέας

189 1755 282 1833 καιρός
296 1761 356 1816 ε’στι
369 1756 578 1833 προσβωθῆσαι
591 1759 618 1818 ές
631 1755 683 1831 τὴν
696 1753 854 1830 Βοιωτίην.”
886 1757 913 1813 οῖ
925 1757 985 1830 μὲν,

188 1848 277 1905 ταῦτα
294 1843 516 1923 ὑποκριναμένων
537 1841 691 1920 Ἀθηναίων
714 1840 938 1902 ἀπαλλάσσοπο
958 1846 985 1905 ἐς

191 1931 332 2011 Σπάρτην.
