2240 3424
175 109 223 158 ιιι
480 109 663 158 Ἥιοαουου
912 87 977 171 [ι’Χ.

171 185 360 248 ἀνοσιώτατον
387 185 456 264 ἔχων
488 184 575 265 λόγον
604 185 677 246 ἵκετο
702 184 773 262 πράς
799 184 979 260 Παυσανίην.

172 273 339 350 ἀπικόμενος
352 273 390 342 δὲ,
409 272 521 351 σπουδῇ
535 273 614 354 ἔλεγε
632 272 707 333 τάδε·
729 279 747 308 “
756 271 777 331 ὦ
795 276 848 331 παῖ
863 275 978 348 Κλεομ-

173 360 288 438 βράτου,
313 361 432 441 ἔργον*
418 361 554 440 εργασταί
577 385 622 420 τοι
643 359 782 437 ύπερφυὲς
802 358 926 440 μέγαθός
946 386 979 420 τε

173 473 219 506 και
208 446 352 510 κάλλος·
374 447 420 505 καὶ
437 473 481 506 τοι
471 446 562 510 θεάς
578 447 760 523 παρέδωκα*
746 445 904 523 ρυσάμενον
925 447 979 523 τὴν

171 532 298 593 Ελλάδα
319 533 400 596 κλέος
420 534 648 594 καταθέσθαι’
610 558 747 614 μεγιστον
763 532 962 606 Ελληνων
922 560 979 596 των

173 619 254 734 ἡμεῖς
275 619 358 696 ἴδμεν.
402 620 486 680 ουδὲ
504 620 550 678 καὶ
567 645 604 680 τα
594 618 764 678 λοιπά
728 645 764 678 τα
785 619 831 678 ε’πὶ
850 619 979 681 τούτοισι

89 653 227 874 [sl
172 705 337 782 ποιηλτον,
320 733 391 770 οκως
408 706 546 787 λόγος’
513 733 545 767 τε
563 732 598 766 σε
621 707 671 784 ἔχῃ
693 707 733 764 ἔτι
753 705 849 782 μέζων,
868 709 918 766 καί
935 733 978 772 τις

806 792 899 815 NR(

171 792 290 872 ὕστερον
312 794 498 870 φυλάσσηται
520 798 576 854 τῶν
596 791 753 870 βαρβάρων
774 817 814 868 μη
841 819 978 872 υπαρχειν

173 883 240 962 ἔργα
254 881 404 942 ατάσθαλα
416 882 517 942 ποιέων
527 886 555 944 ἐς
567 881 632 944 τούς
640 880 794 956 Ελληνας.
835 881 977 940 Λεωνίδεω

171 970 227 1048 γάρ
240 969 430 1032 ἀποθανόντος
446 974 475 1030 ε’ν
483 968 700 1046 Θερμοπύλῃσι,
713 967 871 1045 Μαρδόνιός
884 994 915 1028 τε
929 969 977 1028 καὶ

172 1056 278 1134 Ξέρξης
301 1054 492 1133 ἀποταμόντες
514 1055 565 1132 τήν
586 1055 721 1132 κεφαλὴν
748 1055 975 1133 ἀνεσταύρωσαν·

172 1148 211 1222 τῷ
230 1144 268 1204 σι)
288 1143 460 1220 πηνάμοίην
480 1142 636 1213 ἀποδιδούς,
657 1143 769 1203 ἔπαινον
790 1143 859 1212 ἔξεις
878 1147 977 1220 πρῶτα

172 1234 224 1308 μὲν
235 1231 290 1290 ύπά
303 1231 413 1292 πάντων
427 1231 629 1307 Σπαρτιητέων,
645 1228 721 1293 αι’ντις
734 1230 764 1289 δὲ
777 1230 825 1288 καὶ
837 1229 908 1306 πρὸς
920 1235 976 1291 τῶν
1057 1249 1060 1260 “

173 1317 268 1378 ἄλλων
288 1317 441 1394 Ἑλλήνων·
476 1317 636 1394 Μαρδόνιον
655 1317 710 1398 γάρ
734 1316 975 1388 ἀνασκολοπίσας,

126 1407 163 1463 79
172 1395 359 1482 τετιμιύρησαι
372 1410 399 1467 ἐς
412 1404 524 1482 πάτρων
535 1405 585 1464 τάν
604 1405 657 1466 σάν
670 1403 835 1480 Λεωνίδην.”
875 1403 909 1463 ‘O
924 1406 976 1480 μὲν

173 1492 273 1552 δοκέων
295 1492 461 1570 χαρίζεσθαι
485 1493 563 1572 ἔλεγε
587 1491 661 1552 τάδε·
696 1491 712 1551 ὁ
739 1491 762 1550 δ’
789 1491 977 1568 ἀνταμείβετο

171 1579 277 1637 τοῖσδε·
302 1577 351 1636 “0⁹1
371 1579 441 1646 ξεῖνε
462 1582 606 1658 Αἰγινῆτα,
627 1578 660 1638 τά
685 1581 736 1656 μὲν
757 1577 859 1639 εὐνοεῖν
878 1603 909 1638 τε
929 1579 977 1638 καὶ

173 1669 297 1741 προορᾶν
322 1663 429 1744 ἀγαμαι
455 1668 516 1724 σεῦ·
555 1666 667 1744 γνώμης
693 1667 788 1741 μέντοι
814 1665 977 1742 ἡμάρτηκας

174 1753 309 1829 χρηστῆς·
331 1749 429 1827 ἐξάρας
446 1750 501 1830 γάρ
520 1777 556 1828 με
577 1751 650 1829 ὑψοῦ
669 1753 715 1812 καὶ
734 1753 786 1829 τὴν
804 1752 912 1830 πάτρην
929 1754 976 1811 καὶ

172 1837 206 1898 τά
229 1839 317 1920 ἔργον,
341 1843 368 1901 ές
388 1838 421 1898 τδ
442 1838 528 1915 μηδὲν
549 1841 705 1915 κατέβαλες
722 1840 875 1915 παραινέων
891 1849 977 1918 νεκρῷ

173 1926 357 2003 λυμαίνεσθαι
380 1926 434 1996 καὶ,
454 1923 489 2002 ἢν
511 1929 599 1986 ταῦτα
614 1927 707 1997 ποιέω,
727 1927 783 2002 φάς
805 1925 917 2002 ἀμεινόν
939 1952 976 2002 με

173 2013 355 2074 ἀκούσεσθαι·
376 2013 411 2074 τά
426 2016 526 2090 πρέπει
546 2012 659 2090 μάλλον
679 2013 857 2090 βαρβάροισι
872 2013 976 2074 ποιέειν

172 2099 389 2178 ἥπερἜλλησι·
411 2101 457 2160 καὶ
470 2101 600 2160 ἐκείνοισι
618 2100 647 2158 δὲ
667 2101 878 2176 ἐπιφθονέομεν.
920 2101 976 2180 ἓγά

174 2187 197 2246 δ’
218 2186 255 2246 ὦν
274 2186 373 2246 τούτου
395 2187 484 2246 εἵνεκα
503 2186 575 2264 μήτε
595 2186 763 2268 Αἰγιιοίπῃσι
782 2187 883 2263 ἅδοιμι,
903 2187 976 2263 μήτε

173 2275 249 2332 τοῖσι
261 2276 349 2331 ταῦτα
362 2272 520 2349 ἀρέσκεται·
537 2273 651 2354 ἀποχρᾷ
663 2273 686 2333 δ’
700 2274 769 2351 ἐμοὶ,
781 2273 976 2353 Σπαρτιήτῃσι

174 2358 361 2436 ἀρεσκόμενον
380 2359 446 2418 ὅσια
467 2362 519 2435 μὲν
540 2361 651 2431 ποιέειν,
667 2359 733 2421 ὅσια
755 2361 785 2420 δὲ
806 2360 851 2420 καὶ
871 2362 975 2440 λέγειν·

164 2445 296 2524 ’Λεωνίδῃ
307 2445 344 2515 δὲ,
355 2450 394 2524 τῷ
403 2472 440 2523 με
450 2446 569 2509 κελεύεις
582 2453 747 2524 τιμωρῆσαι,
759 2449 833 2524 φημὶ
846 2446 977 2527 μεγάλως

173 2531 388 2610 τετιμωρῆσθαι·
410 2535 523 2612 ψυχῇσί
533 2560 563 2594 τε
576 2538 644 2612 τῇσι
660 2535 745 2595 τῶνδε
761 2532 977 2610 ἀναριθμήτοισι

172 2620 317 2697 τετίμηται
329 2620 412 2684 αὐτός
431 2646 462 2681 τε
473 2621 526 2680 καὶ
543 2624 570 2680 οἱ
586 2619 672 2682 άλλοι
688 2625 714 2682 οἱ
728 2626 757 2682 έν
774 2620 977 2699 Θερμοπύλῃσι

173 2707 396 2783 τελευτήσαντες.
416 2706 453 2768 σύ
461 2708 556 2785 μέντοι
567 2709 606 2768 ἐ’τι
617 2709 686 2788 ἔχων
696 2707 784 2790 λόγον
791 2707 898 2768 τοιάνδε
905 2707 977 2784 μήτε

174 2795 335 2876 προσέλθῃςΙ
346 2797 448 2876 ἔμοιγε,
459 2795 530 2872 μήτε
540 2796 768 2875 συμβουλεύσῃς·
782 2795 865 2875 χάριν
874 2795 936 2856 ἴσθι
945 2821 977 2856 τε

175 2881 226 2942 ε’ἀν
239 2879 373 2957 ἀπαθής.”
414 2881 491 2958 ὁμὲν
503 2885 592 2942 ταῦτα
602 2881 725 2946 ἀκούσας
738 2881 956 2942 ἀπαλλάσσετο.

128 2969 166 3027 80
216 2969 379 3044 Παυσανίης
400 2967 430 3026 δὲ
450 2967 578 3048 κη’ρυγμα
598 2969 786 3044 ποιησάμενος
802 2967 908 3044 μήδενα
925 2966 978 3027 ἀπ-

174 3054 274 3114 τεσθαι
285 3057 336 3128 τῆς
352 3054 441 3129 ληίης,
455 3054 634 3132 συγκομίζειν
655 3056 763 3114 ε’κέλευε
783 3053 847 3117 τούς
862 3055 978 3116 εἵλωτας

174 3139 210 3198 τά
222 3139 363 3218 χρήματα·
385 3139 454 3200 οἶδὲ
472 3138 525 3198 ἀνά
542 3140 576 3200 τὸ
594 3141 785 3217 στρατόπεδον
798 3139 978 3217 σκιδνάμενοι

176 3224 303 3298 εὕρισκον
313 3225 418 3300 σκηνάς
428 3228 686 3302 κατεσκευασμένας
694 3231 791 3305 χρυσῷ
800 3227 847 3286 καὶ
856 3225 978 3306 ἀργύρῳ,
