2240 3424
171 64 218 110 ιω
470 57 652 108 Ἧνοιοτοτ
909 61 973 125 [m

169 145 220 217 τῆς
240 141 326 215 ἰθείης
343 138 589 215 Λακεδαιμονίοισι
604 138 750 215 πολέμιος·
771 139 804 198 οὔ
825 140 921 215 μέντοι
938 168 975 223 γε

169 232 197 291 ἐς
208 228 291 290 τέλος
305 229 331 286 οἶ
345 224 489 300 συνήνεικε
501 224 534 285 τά
551 225 632 304 ἔχθος
644 225 681 288 τὰ
696 230 724 288 ἐς
739 226 975 304 Λακεδαιμονίους

169 314 419 396 συγκεκυρημένον·
440 313 500 388 ἥλω
513 312 569 394 γάρ
582 312 785 394 μαντευόμενος
799 318 828 374 ἐν
841 315 975 398 Ζακύνθῳ

168 401 215 462 ὑπ’
247 401 344 471 αὐτῶν,
373 402 419 460 καὶ
445 399 575 461 άπέθανε.
617 400 633 462 ό
659 402 711 478 μέν
736 427 784 462 νυν
811 401 929 468 θάνατος
954 404 974 466 ὅ

168 488 399 572 Ἡγησιστράτου
422 487 540 566 ὕστερον
566 490 675 570 ἐγένετο
700 493 756 550 τῶν
779 494 973 554 Πλαταιῖκῶν·

168 577 232 638 τότε
246 578 269 637 δ’
283 578 329 638 ἐπὶ
341 581 380 657 τῷ
394 576 515 657 Ἀσωπῷ
533 576 682 656 Μαρδονίῳ
694 579 906 656 μεμισθωμένος
919 579 984 641 σῦκ’

119 685 122 722 3
169 664 277 747 ὀλίγου,
291 663 387 726 ἐθύετό
400 691 431 726 τε
445 666 491 724 καὶ
505 665 691 742 προεθυμέετο
706 664 778 724 κατά
795 691 827 726 τε
841 666 874 744 τό
889 667 973 747 ἐχθος

169 752 202 813 τά
217 753 440 830 Λακεδαιμονίων
454 753 500 812 καὶ
514 752 585 812 κατοὶ
597 752 630 812 τό
644 751 744 830 κέρδος.

120 839 161 898 38
210 840 259 905 Ὡς
271 841 301 902 δέ
312 840 362 900 οὐκ
372 841 531 917 ἐκαλλιέρεε
542 840 614 901 ὥστε
623 839 775 920 μάχεσθαι,
786 840 849 901 οὔτε
858 840 972 906 αὐτοῖσι

170 931 311 1009 Πέρσησι,
334 928 397 990 οὔτε
414 933 490 990 τοῖσι
511 929 570 1006 μετ’
591 930 697 988 ἐκείνων
719 933 798 989 ἐοῦσι
814 929 971 1007 Ἑλλήνων·

122 1035 131 1086 “,
169 1017 260 1098 (εἶχον
272 1018 327 1099 γάρ
342 1018 388 1077 καὶ
401 1015 478 1077 οὗτοι
496 1015 538 1076 ἐπ’
552 1020 657 1076 ἑωυτῶν
672 1015 772 1092 μάντιν
784 1016 970 1098 Ἱππόμαχον,

168 1106 321 1166 Λευκάδιον
335 1105 442 1185 ἄνδρα)
464 1103 643 1180 ἐπιρρεόντων
657 1104 687 1164 δέ
699 1109 754 1164 τῶν
766 1103 910 1181 Ἑλλήνων
923 1108 971 1167 καὶ

169 1195 320 1274 γινομένων
346 1191 478 1266 πλεόνων,
502 1191 683 1272 Τιμηγενίδης
706 1190 872 1270 όἜρπυος,
899 1193 970 1271 ἀνὴρ

170 1284 304 1358 Θηβαῖος,
322 1281 531 1358 συνεβούλευσε
549 1281 698 1359 Μαρδονίῳ
710 1279 760 1343 τάς
779 1280 903 1358 ἐκβολάς
919 1286 971 1343 τοῦ

170 1371 343 1448 Κιθαιρῶνος
363 1368 495 1445 φυλάξαι,
514 1369 604 1450 λέγων
625 1367 660 1432 ὦς
680 1369 838 1445 ἐπιρρέουσι
859 1372 886 1430 αἲ
900 1370 969 1430 Ἕλ-

169 1461 251 1532 ληνες
267 1459 320 1517 αἰεὶ
338 1457 391 1518 α’νοὶ
409 1461 506 1516 πᾶσαν
525 1456 639 1534 ἡμέρην,
654 1457 700 1518 καὶ
719 1455 755 1520 οἷς
770 1456 970 1537 ἀπολάμψοιτο

122 1547 160 1602 39
169 1545 296 1623 συχνούς.
339 1543 460 1620 Ἡμέραι
474 1544 505 1602 δέ
517 1551 574 1621 σφι
589 1543 832 1621 α’ντικατημένοισι
844 1545 898 1622 ἤδη
911 1551 969 1627 ἐγε-

169 1631 289 1712 γόνεσαν
303 1631 383 1702 όκτώ,
398 1632 445 1692 ἅτε
458 1635 546 1692 ταῦτα
563 1635 664 1695 ἐκεῖνος
682 1633 870 1708 συνεβούλευε
888 1639 970 1712 Μαρ-

170 1719 258 1799 δονίῳ·
280 1719 296 1780 ό
317 1719 346 1778 δὲ
365 1719 462 1796 μαθων
481 1718 533 1794 την
549 1719 713 1796 παραίνεσιν
734 1719 763 1779 εὖ
785 1722 913 1800 ἔχουσαν,
934 1721 970 1786 ὦς

170 1806 292 1886 εὐφρόνη
312 1808 427 1889 ἐγένετο,
442 1807 545 1884 πέμπει
563 1806 615 1882 τὴν
631 1807 717 1868 ἵππον
735 1811 763 1880 ἐς
779 1809 829 1870 τοὶς
848 1808 970 1884 ἐκβολάς

168 1895 219 1960 τάς
241 1896 449 1974 Κιθαιρωνίδας,
468 1895 497 1958 αἲ
517 1897 564 1956 ἐπὶ
582 1897 747 1956 Πλαταιέων
769 1896 897 1973 φέρουσι·
920 1896 970 1961 τάς

170 1984 287 2046 Βοιωτοὶ
300 1987 351 2062 μέν
367 1989 447 2062 Τρεῖς
465 1982 605 2060 Κεφολάς
624 1985 765 2057 καλέουσι,
781 1982 925 2059 Ἀθηναῖοι
939 1983 970 2044 δὲ

170 2072 261 2150 Δρυδς
295 2072 441 2150 Κεφαλάς.
484 2071 659 2149 πεμφθέντες
685 2072 715 2131 δέ
741 2074 768 2130 οἱ
796 2070 911 2132 ἱππόται
937 2069 970 2132 οὖ

168 2159 260 2237 μάτην
286 2159 429 2222 άπίκοντο·
469 2159 654 2236 ἐσβάλλοντα
679 2157 734 2239 γάρ
762 2163 789 2222 ἐς
815 2157 848 2220 τό
875 2159 970 2221 πεδίον

170 2247 353 2325 λαμβάνουσι
370 2246 508 2328 ὕποζόγιά
526 2273 557 2308 τε
577 2245 756 2314 πεντακόσια,
771 2246 849 2304 σιτία
864 2246 970 2327 άγοντα

170 2333 227 2394 άπὸ
245 2333 469 2411 Πελοποννήσου
487 2338 514 2397 ἐς
532 2333 564 2393 τά
586 2331 784 2409 στρατόπεδον,
803 2331 849 2389 καὶ
867 2332 970 2410 άνθριό-

170 2447 239 2486 πους
262 2421 289 2480 οἳ
310 2421 421 2482 εἵποντο
441 2423 519 2482 τοῖσι
540 2419 659 2500 ζεύγεσι·
684 2416 794 2482 ἑλόντες
815 2417 845 2478 δέ
866 2419 971 2498 ταύτην

168 2507 220 2584 την
238 2507 326 2589 άγρην
345 2511 372 2568 οἱ
389 2509 501 2586 Πέρσαι
519 2506 652 2583 ἀφειδέως
670 2504 811 2583 ἐφόνευον,
825 2504 858 2568 οὗ
877 2507 970 2585 φειδό-

168 2620 247 2674 μενοι
261 2593 323 2656 οὔτε
341 2595 491 2676 ὑποζυγίου
510 2592 620 2658 οὐδενός
636 2592 699 2654 οὔτε
715 2591 871 2671 άνθριίιπου·
892 2595 928 2660 οἷς
940 2597 970 2658 δέ

171 2681 239 2760 ἅδην
266 2683 342 2762 εἶχον
368 2683 526 2753 κτείνοντες,
552 2680 588 2743 τά
618 2682 706 2742 λοιπά
733 2681 822 2743 αὐτῶν
849 2683 970 2760 ἤλαυνον

170 2769 410 2850 περιβαλλόμενοι
422 2769 499 2849 παρά
514 2795 546 2832 τε
562 2769 723 2850 Μαρδόνιον
740 2771 787 2832 καὶ
799 2775 827 2835 ἐς
838 2769 872 2834 τό
885 2796 970 2848 στρα-

169 2859 293 2922 τόπεδον.

122 2949 162 3008 40
210 2947 292 3010 Μετὰ
310 2949 340 3010 δέ
354 2952 439 3012 τοῦτο
456 2949 490 3011 τό
508 2950 590 3031 ἔργον
610 2949 704 3028 ἐτέρας
725 2946 775 3009 δύο
795 2949 900 3025 ἡμέρας
918 2945 970 3009 διέ·

169 3045 279 3115 τριψαν,
296 3037 434 3117 οὕδέτεροι
454 3036 626 3115 βουλόμενοι
647 3037 740 3118 μάχης
763 3034 852 3113 εἷρξαι·
886 3035 970 3112 μέχρι

169 3126 221 3199 μὲν
246 3125 302 3206 γάρ
328 3130 378 3186 τοῦ
398 3125 530 3186 Ἀσωποῦ
553 3125 674 3201 ἐπήῖσαν
696 3128 723 3186 οἱ
743 3123 889 3202 βάρβαροι
911 3145 969 3181 πει-

169 3209 287 3285 ρώμενοι
308 3217 364 3274 τῶν
384 3211 538 3289 Ἑλλήνων,
560 3213 702 3290 διέβαινον
725 3211 755 3270 δὲ
782 3209 927 3285 οὐδέτεροι·
949 3207 969 3284 ἦ
