2280 3432
155 121 202 168 Ιτοι
237 103 241 110 ’
462 118 647 167 Ἑνοαοοοτ
875 116 949 180 [vn.

151 200 318 274 Λαφυστίου
329 197 407 261 Διός·
429 196 464 260 ώς
472 197 598 275 Ἀθάμας
608 197 624 258 ὅ
635 196 741 257 Αἰόλου
753 195 952 276 ἐμηχανήσατο

151 286 241 363 Φρίξῳ
266 285 363 361 μόρον,
385 285 439 345 σύν
458 283 527 356 Ἰνοῖ
545 285 717 362 βουλεύσας·
744 286 893 362 μετέπειτα
913 286 951 360 δέ,

152 373 187 436 ώς
208 378 237 431 ἐκ
259 373 426 450 θεοπροπίου
442 373 553 453 Ἀχαιοὶ
573 375 731 450 προτιθεῖσι
751 369 827 432 τοῖσι
849 374 953 434 ἐκείνου

152 460 318 541 ἀπογόνοισι
339 458 457 524 ἀέθλους
476 460 614 520 τοιούσδε·
642 461 672 524 ὃς
693 459 726 520 ἂν
746 458 765 539 ᾗ
784 464 834 520 τοῦ
859 461 953 540 γένεος

151 548 250 610 τούτου
277 546 482 624 πρεσβύτατος,
505 548 593 628 τούτῳ
621 548 798 618 ἐπιτάξαντες
821 549 953 628 ἔργεσθαι

152 641 200 696 τοῦ
221 636 396 713 πρυτανηίου,
420 635 498 695 αὐτοὶ
516 635 645 712 φυλακάς
666 638 772 714 έχουσι·
794 635 903 713 (λήιτον
923 637 953 695 δέ

154 725 288 782 καλέουσι
304 722 337 783 τά
356 723 525 801 πρυτανήῖον
541 727 567 784 οἱ
580 725 713 804 Ἀχαιοί)
733 721 769 800 ἢν
789 724 818 782 δέ
839 724 950 804 ἐσέλθῃ,

155 810 205 870 ούκ
219 813 279 870 ἐστι
293 810 361 874 ὅκως
376 812 461 880 ἔξεισι
477 813 543 888 πρὶν
555 810 574 888 ἢ
587 811 726 872 θύσεσθαι
738 813 842 890 μέλλῃ·
871 811 906 874 ὥς
922 839 953 872 τε

154 901 193 959 ἐτι
206 899 277 977 πρός
292 899 426 968 τούτοισι,
440 901 546 959 πολλοὶ
566 899 619 975 ἤδη
639 904 694 959 τῶν
712 898 874 976 μελλόντων
891 900 953 959 τού-

133 1013 205 1066 1των
232 987 377 1061 θύσεσθαι,
407 988 555 1058 δείσαντες,
584 989 696 1066 οίχοντο
728 986 896 1063 ἀποδράντες
926 993 954 1050 ἐς

111 1087 113 1091 ’
154 1074 246 1151 άλλην
266 1072 369 1154 χώρην·
396 1075 497 1154 χρόνου
522 1076 552 1134 δὲ
573 1075 718 1151 προϊόντος
743 1074 834 1134 ὀπίσω
855 1079 953 1134 κατελ-

154 1163 255 1236 θόντες,
270 1162 304 1240 ἢν
322 1163 493 1222 ἁλίσκωνται
510 1162 676 1225 ἐσελθόντες
689 1168 717 1226 ἐς
729 1161 763 1221 τό
777 1161 952 1238 πρυτανήῖον,

153 1251 189 1314 ώς
209 1251 306 1311 θύεταί
322 1277 361 1320 τε,
384 1252 538 1331 ἐξηγέοντο,
560 1252 705 1327 στέμμασι
726 1255 781 1312 πᾶς
801 1251 954 1314 πυκασθεὶς

155 1339 200 1397 καὶ
220 1339 254 1402 ώς
272 1340 325 1399 σύν
343 1343 444 1416 πομπῇ
462 1339 597 1418 ἐξαχθείς·
618 1339 749 1398 τοῦτοδὲ
765 1337 911 1416 πάσχουσι
927 1342 954 1397 οἱ

153 1425 340 1503 Κυτισσώρου
367 1431 417 1484 τοῦ
452 1427 555 1502 Φρίξου
582 1426 680 1489 παιδός
713 1425 857 1506 ἀπόγονοι,
885 1425 952 1485 διότι

154 1513 296 1589 καθαρμόν
318 1518 369 1588 τῆς
388 1513 481 1591 χώρης
504 1515 673 1589 ποιευμένων
698 1513 820 1592 Ἀχαιῶν
842 1518 872 1572 ἐκ
894 1514 953 1572 θεο-

153 1602 273 1677 προπίου
286 1600 448 1676 Ἀθάμαντα
468 1600 517 1659 τόν
531 1602 644 1674 Αἰόλου,
662 1602 708 1659 καὶ
728 1600 889 1677 μελλόντων
905 1626 955 1676 μιν

154 1688 236 1756 θύειν,
251 1687 415 1764 ἀπικόμενος
432 1685 512 1750 οὗτος
531 1687 546 1747 ὁ
566 1689 751 1766 Κυτίσσωρος
772 1689 802 1758 ἐξ
817 1689 886 1764 Αἴης
899 1693 955 1764 -τῆς

155 1775 298 1853 Κολχίδος
318 1775 464 1852 ἐρρύσατο·
496 1775 618 1851 ποιήσας
639 1776 668 1835 δὲ
683 1781 777 1850 τοῦτο,
800 1780 876 1836 τοῖσι
898 1781 954 1835 ἐπι-

155 1865 331 1943 γενομένοισι
358 1864 389 1932 ἐξ
416 1867 515 1923 ἐωυῆύ
542 1869 626 1941 μῆνιν
655 1869 705 1923 τοῦ
735 1866 799 1924 θεοῦ
826 1865 953 1940 ἐνέβαλε.

155 1953 261 2029 Ξέρξης
293 1953 322 2012 δὲ
352 1957 440 2012 ταῦτα
471 1952 602 2022 οἰκούσας,
636 1953 670 2016 ὦς
702 1952 771 2012 κατά
800 1951 833 2012 τό
865 1951 956 2016 άλσος

155 2042 270 2121 ἐγένετο,
287 2039 369 2104 αὐτός
382 2066 412 2099 τε
426 2042 521 2121 ἔργετο
535 2040 619 2101 αύτοῦ
634 2042 679 2100 καὶ
692 2045 728 2119 τῇ
741 2042 860 2118 στρατιῇ
874 2039 955 2118 πάσῃ

155 2128 335 2209 παρήγγειλε·
351 2133 406 2188 τῶν
415 2155 446 2188 τε
455 2127 630 2205 Ἀθάμαντος
641 2128 786 2210 άπογόνων
798 2127 850 2202 τὴν
863 2127 955 2203 οἰκίην

156 2215 255 2292 ὁμοίως
269 2217 314 2274 καὶ
326 2216 359 2276 τό
373 2218 485 2292 τέμενος
499 2218 627 2293 ἐσέβετο.

110 2305 166 2362 198
216 2307 309 2362 Ταῦτα
330 2306 381 2380 μὲν
401 2303 437 2362 τά
453 2309 482 2364 ἐν
504 2306 652 2382 Θεσσαλίῃ
671 2305 715 2363 καὶ
731 2304 765 2364 τά
782 2308 809 2363 ἐν
826 2301 949 2382 Ἀχαιίῃ·

156 2390 212 2449 ἀπὸ
231 2391 260 2448 δὲ
277 2390 382 2451 τούτων
398 2397 453 2452 τῶν
470 2392 567 2472 χώρων
580 2392 623 2468 ἤϊε
637 2397 664 2455 ἐς
676 2392 727 2468 τήν
746 2390 861 2466 Μηλίδα
874 2390 953 2467 παρά

156 2476 262 2536 κόλπον
281 2478 438 2556 θαλάσσης,
458 2486 486 2540 ἐν
504 2485 542 2560 τῷ
559 2479 683 2558 ἄμπωτίς
696 2505 726 2539 τε
740 2479 785 2538 καὶ
798 2477 882 2556 ῥηχίη
901 2476 955 2537 άνά

157 2568 252 2624 πᾶσαν
271 2565 377 2644 η’μέρην
393 2569 506 2649 γίνεται·
534 2570 598 2646 περὶ
616 2569 645 2627 δέ
663 2567 713 2628 τόν
731 2566 837 2626 κόλπον
856 2563 957 2625 τοῦτόν

157 2656 218 2711 ἐστι
235 2658 325 2732 χῶρος
343 2656 459 2726 πεδινός,
478 2661 514 2736 τῇ
531 2659 583 2734 μὲν
601 2655 687 2733 εύρδς,
701 2660 737 2734 τῇ
753 2655 783 2714 δέ
802 2653 847 2712 καὶ
865 2651 953 2728 κάρτα

156 2741 274 2804 στεινός·
295 2744 359 2821 περὶ
375 2745 404 2824 δέ
420 2744 469 2804 τόν
487 2750 577 2824 χῶρον
591 2743 673 2820 οὔρεα
687 2741 783 2820 ύψηλά
798 2741 843 2799 καὶ
857 2738 875 2797 ά
900 2765 953 2800 ατο

158 2831 311 2905 περικληίει
325 2835 421 2891 πάσαν
433 2833 485 2907 τὴν
496 2832 611 2907 Μηλίδα
625 2834 685 2911 γῆν,
699 2831 843 2908 Τρηχίνιαι
857 2828 957 2903 πέτραι

158 2915 331 2993 καλεόμεναι.
365 2919 459 2996 πρώτη
472 2921 523 2995 μέν
533 2945 580 2978 νυν
594 2919 677 2981 πόλις
691 2918 752 2977 ἐστὶ
767 2923 795 2977 ἐν
809 2918 846 2993 τῷ
860 2914 957 2992 κόλπῳ

159 3000 227 3060 ι’όντι
252 3004 307 3064 οἷπὸ
333 3005 467 3084 Ἀχαιίης,
495 3005 651 3082 Ἀντικύρη·
683 3005 747 3082 παρ’
771 3004 806 3080 ἣν
829 3000 957 3076 ποταμός

158 3089 314 3168 Σπερχήϊος
333 3094 401 3169 ῥέων
425 3095 456 3163 ἐξ
474 3092 605 3168 Ἐνιήνων
626 3099 653 3156 ἐς
675 3093 825 3153 θάλασσαν
846 3088 956 3147 ἐκδιδοῖ·

158 3171 213 3233 άπὸ
235 3177 264 3235 δὲ
287 3180 395 3250 τούτου,
417 3180 461 3240 διαὶ
482 3181 574 3239 είκοσί
585 3206 635 3239 κου
656 3179 783 3248 σταδίων,
801 3175 889 3238 ἄλλος
905 3198 955 3232 πο-

161 3261 253 3334 Γαμός,
271 3269 310 3342 τῷ
328 3265 432 3343 οὕνομα
451 3271 537 3327 κεῖται
557 3266 659 3343 Δύρας,
679 3267 728 3326 τόν
745 3264 903 3340 βοηθέοντα
918 3263 958 3340 τῷ
