2240 3424
136 93 258 172 'aa-87]
463 109 650 158 κιιιιοιιιι.
899 109 945 158 ιιι

151 186 319 263 ἐποιήσαντο
343 185 438 264 θήκας·
473 188 538 248 ἔνθα
560 190 612 264 μὲν
632 186 697 251 τούς
724 187 812 264 ἰρένας
833 187 947 266 ἔθαψαν,

150 277 204 334 τῶν
227 274 272 333 καί
294 273 482 338 Ποσειδώνιος
505 276 551 334 καί
571 273 786 352 Ἀμομφάρετος
805 275 880 350 ἦσαν
903 273 949 333 καὶ

151 361 295 421 Φιλοκύων
312 388 343 420 τε
360 362 405 421 καί
425 361 634 440 Καλλικράτης.
676 366 705 422 έν
722 365 774 438 μὲν
794 361 828 437 δή
845 362 883 421 ἑνὶ
895 366 950 421 τῶν

151 447 248 526 τάφων
270 448 345 524 ἦσαν
370 452 396 508 οἰ
418 448 510 526 ἰρένες·
545 455 574 508 έν
598 449 628 508 δὲ
650 452 688 527 τῷ
711 450 792 528 ἔτέριρ
816 452 842 508 οἰ
864 446 950 508 ἄλλοι

153 537 336 612 Σπαρτιῆται·
357 541 386 596 έν
399 536 429 595 δὲ
446 541 484 614 τῷ
500 537 592 616 τρίτῳ,
607 539 634 596 οἱ
651 537 769 600 εἵλωτες.
811 534 887 595 οὗτοι
900 538 951 612 μὲν

153 620 222 682 οὕτω
246 623 373 683 ἔθαπτον.
415 629 550 704 Τεγεῆται
574 623 603 682 δὲ
626 623 709 702 χωρὶς
732 623 837 686 πάντας
856 623 950 686 ἀλέας·

155 709 200 766 καί
216 707 360 785 Ἀθηναῖοι
377 709 442 774 τούς
461 713 566 771 ἑωυτῶν
584 711 665 788 ὁμοῦ·
693 712 738 770 καὶ
758 711 901 790 Μεγαρέες
920 736 951 770 τε

154 796 201 853 καὶ
226 797 360 856 Φλιάσιοι
385 797 450 860 τούς
470 797 527 857 ύπά
553 803 603 870 τῆς
631 799 716 856 ἰππου
741 797 949 874 διαφθαρέντας.

154 883 258 944 τούτων
274 881 326 962 μὲν
343 883 376 960 δῆ
394 884 503 944 πάντων
517 884 637 961 πλήρεες
658 885 784 964 ε’γένοντο
806 887 833 943 οἰ
854 883 951 960 τάφοι·

154 973 209 1030 τῶν
235 971 264 1030 δὲ
290 970 386 1030 ἄλλων
407 970 471 1030 ὅσοι
499 972 544 1030 καὶ
565 973 711 1046 φαίνονται
726 977 762 1031 ·ε’ν
787 975 952 1049 Πλαταιῇσι

156 1056 245 1121 ε’όντες
257 1057 353 1134 τάφοι,
366 1057 480 1126 τούτους
493 1060 530 1134 δὲ,
545 1059 580 1122 ῶς
594 1057 647 1139 ε’γῶ
660 1059 842 1136 πυνθάνομαι,Ι
857 1063 953 1118 ε’παισ-

155 1146 322 1224 χυνομένους
334 1151 370 1225 τῇ
383 1145 502 1206 ἀπεστύί
514 1150 564 1222 τῆς
576 1146 676 1224 μάχης,
692 1145 825 1209 ἑκάστους
837 1145 954 1224 χῶματα

156 1236 248 1310 χῶσαι
269 1233 352 1303 κεινά,
372 1238 426 1294 τῶν
447 1234 641 1314 ἐπιγινομένων
669 1234 769 1294 εἰνεκεν
796 1233 954 1310 ἀνθρώπων.

158 1320 217 1378 ε’πεί
233 1320 278 1378 καί
296 1323 463 1400 Αἰγινητέων
482 1315 546 1380 ἔσκὲ
562 1320 659 1381 αύτόθι
677 1321 844 1398 καλεόμενος
856 1319 955 1396 τάφος,

157 1405 207 1466 τάν
225 1407 278 1487 ε’γῶ
298 1407 388 1466 ἀκούω
406 1409 451 1468 καὶ
470 1409 535 1468 δέκα
553 1410 628 1468 ἔτεσι
643 1407 761 1486 ὕστερον
776 1408 847 1486 μετά
860 1411 955 1477 ταῦτα,

114 1483 119 1494 ’
158 1493 307 1570 δεηθέντων
340 1499 394 1555 τῶν
429 1497 603 1577 Αἰγινητέων,
631 1500 724 1575 χῶσαι
749 1495 881 1572 Κλεάδην
907 1494 957 1555 τάν

159 1580 311 1642 Αὐτοδίκου
324 1581 411 1660 ἀνδρα
424 1585 579 1654 Πλαταιέα,
592 1582 737 1660 πρόξεινον
750 1583 830 1644 ε’όντα
843 1582 942 1643 αὐτῶν.
986 1639 988 1644 .

198 1669 285 1734 Ὡςδ
304 1669 358 1748 ἄρα
377 1672 483 1750 ἔθαψαν
499 1671 564 1734 τούς
579 1671 691 1748 νεκρούς
704 1675 733 1730 ἐν
751 1674 917 1748 Πλαταιῇσι
930 1673 956 1729 οἰ
964 1669 1002 1728 86

155 1758 299 1835 Ἕλληνες,
319 1758 417 1819 αύτίκα
433 1759 670 1839 βουλευομένοισί
688 1763 744 1832 σφι
761 1757 852 1818 ε’δόκεε
871 1783 956 1834 στρα-

159 1847 288 1906 τεύεσθαι
309 1847 353 1906 ε’πί
373 1846 423 1909 τάς
443 1847 549 1922 Θήβας,
570 1846 616 1904 καί
636 1845 765 1914 ἐξαιτέειν
785 1843 874 1904 αύτῶν
892 1844 957 1906 τούς

159 1933 337 2008 μηδίσαντας,
359 1939 388 1994 ἓν
405 1933 541 2010 πρῶτοισι
559 1933 589 1991 δὲ
605 1931 694 1990 αὐτῶν
710 1931 893 2010 Τιμηγενίδην
911 1933 957 1988 καὶ

159 2017 331 2101 Ἀτταγῖνον,
352 2021 379 2080 οἰ
399 2020 550 2102 ἀρχηγέται
568 2017 621 2079 α’νά
635 2017 760 2096 πρώτους
774 2018 857 2092 ἦσαν·
877 2015 912 2092 ῆν
928 2017 957 2076 δὲ

160 2105 201 2182 μή
230 2107 365 2176 ἐκδιδῶσι,
393 2108 433 2184 μῆ
460 2107 669 2168 ἀπανίστασθαι
698 2104 755 2164 ἀπά
782 2109 843 2180 τῆς
858 2104 958 2166 πόλιος

161 2193 296 2271 πρότερον
315 2194 334 2272 ἢ
354 2195 481 2265 ἐξέλωσι·
503 2195 538 2258 ῶς
558 2195 589 2254 δέ
608 2200 662 2270 σφι
682 2197 770 2252 ταῦτα
791 2192 873 2262 ἔδοξε,
888 2191 958 2252 οὕτω

162 2280 196 2357 δή
217 2283 345 2362 ἑνδεκάτη
364 2283 454 2362 ῆμέρῃ
475 2282 531 2343 ἀπά
551 2287 602 2358 τῆς
625 2283 777 2359 συμβολῆς
797 2279 959 2358 ἀπικόμενοι

163 2369 341 2447 ἐπολιόρκεον
367 2372 518 2447 Θηβαίους,
546 2369 704 2432 κελεύοντες
733 2368 866 2429 ἐκδιδόναι
895 2369 959 2432 τούς

162 2455 272 2533 ἀνδρας·
293 2457 325 2518 ού
343 2460 524 2534 βουλομένων
546 2457 575 2516 δὲ
593 2461 648 2516 τῶν
665 2458 798 2533 Θηβαίων
816 2456 957 2530 ἐκδιδόναι,

162 2543 214 2618 τήν
233 2569 264 2602 τε
283 2549 337 2625 γῆν
356 2544 446 2605 αὐτῶν
465 2546 582 2622 ἔταμνον
602 2544 872 2621 καὶ’προσέβαλλον
891 2544 961 2621 πρός

163 2629 196 2689 τά
216 2634 317 2709 τεῖχος.
358 2632 417 2692 Καὶ
443 2631 475 2692 ού
501 2631 555 2712 γάρ
583 2630 717 2691 ἐπαύοντο
740 2631 903 2708 σινεόμενοι,
925 2635 959 2691 εἰ·
969 2630 1006 2692 87

164 2721 254 2796 κοστῆ
278 2717 368 2796 ήμέρῃ
395 2719 472 2787 ἔλεξε
497 2723 573 2778 τοῖσι
600 2720 754 2793 Θηβαίοισι
780 2718 961 2799 Τιμηγενίδης

164 2801 238 2862 τάδε·
260 2804 382 2882 “ἀνδρες
397 2806 527 2880 Θηβαῖοι,
544 2804 638 2880 ἐπειδή
656 2804 726 2865 οὕτω
742 2806 868 2864 δέδοκται
884 2809 961 2866 τοῖσι

145 2933 148 2940 -
161 2887 296 2966 Ἕλλησι,
308 2892 349 2968 μή
361 2891 497 2968 πρότερον
510 2889 704 2968 ἀπαναστῆναι
716 2893 931 2968 πολιορκέοντας
943 2889 962 2968 ἢ

160 2977 283 3046 4ἐξέλωσι
303 2978 409 3054 Θήβας,
431 2976 450 3054 ῆ
465 2977 553 3056 ῆμέας
572 2979 683 3040 αύτοίσι
695 2979 848 3056 παραδῶτε,
861 2983 910 3038 νῦν
925 2978 962 3039 ὧν

165 3063 257 3142 ήμέων
277 3065 367 3126 εἰνεκα
387 3069 425 3146 γῆ
445 3063 463 3141 ή
484 3067 603 3142 Βοιωτίη
629 3066 706 3125 πλέω
733 3065 773 3142 μῆ
801 3065 961 3146 ἀναπλήσῃ·

149 3152 232 3236 ἀλλ’
246 3157 270 3214 εἰ
288 3155 340 3232 μὲν
359 3151 509 3234 χρημάτων
527 3154 685 3232 χρηίζοντες
704 3153 859 3232 πρόσχημα
875 3152 963 3230 ῆμέας

166 3241 340 3321 ἐξαιτέονται,
355 3239 488 3324 χρήματά
499 3247 556 3318 σφι
571 3239 660 3319 δῶμεν
673 3243 703 3301 έκ
718 3245 769 3302 τοῦ
782 3245 888 3302 κοινοῦ·
908 3240 963 3302 σιίν
