2294 3430
168 115 207 175 ιε,
222 113 265 178 86]
415 125 418 130 ·
511 113 623 161 nmo.
934 111 966 159 ιι

168 191 346 256 ἀποδιδόντες
369 192 476 252 ποιέετε
499 191 574 262 ὅσια,
598 191 645 250 καὶ
667 215 708 268 μη
733 189 909 254 ἀποδιδόντες
931 189 967 250 τό

168 281 277 340 ἐναντία
289 279 403 340 τούτων·
424 279 517 340 ὁκοῖον
529 281 624 358 μέντοι
637 306 666 340 τι
679 285 708 339 ἐν
720 283 756 358 τῇ
769 277 885 358 Σπάρτη
901 304 967 338 συν-

167 367 282 446 ηνείχθη
302 367 436 448 γενέσθαι
459 368 524 444 περὶ
543 365 714 444 παραθήκης,
735 366 880 444 βούλομαι
902 365 967 443 ύμῖν

168 453 250 513 εἶπαι
314 456 414 536 έγομεν
434 453 513 531 ἡμεῖς
534 458 561 514 οἱ
583 456 764 533 Σπαρτιῆται,
785 455 918 536 γενέσθαι
938 457 967 514 έν

167 545 203 620 τῇ
223 548 299 601 Λακε
336 543 409 618 ίμονι
433 542 504 602 κατὰ
526 543 621 619 τρίτην
642 542 739 622 γενεὴν
760 541 813 618 τήν
833 540 881 600 ἀπ’
901 541 966 617 ἐμέο

168 633 296 690 Γλαῦκον
308 628 470 692 Ἐπικύδεος
482 630 578 689 παῖδα·
599 634 698 690 τοῦτον
712 630 761 690 τόν
774 628 860 706 ἄνδρα
873 630 967 705 φαμὲν

167 715 251 776 τότε
270 715 347 775 ἄλλα
366 715 458 776 πάντα
478 717 617 794 περιήκειν
637 718 673 778 τοὶ
692 723 797 794 πρῶτα,
813 717 905 792 καὶδη
920 717 966 775 καὶ

168 802 276 864 ἀκούειν
296 801 399 881 άριστα
420 803 595 880 δικαιοσύνης
616 806 680 882 πέρι
700 805 810 866 πάντων
831 803 895 864 ὅσοι
914 803 966 879 τὴν

167 891 361 968 Λακεδαίμονα
376 895 475 951 τοῦτον
487 890 536 951 τόν
548 890 650 969 χρόνον
668 893 767 951 οἴκεον·
789 891 965 969 συνενειχθῆ-
982 965 984 970 Ι

168 1003 213 1038 ναι
234 979 265 1038 δέ
282 983 309 1038 οἶ
327 984 355 1040 ἐν
373 978 464 1058 χρόνῳ
483 977 628 1056 ἱκνευμένῳ
647 979 714 1038 τάδε
729 979 859 1058 λέγομεν·
880 977 965 1054 ἄνδρα

168 1067 314 1142 Μιλήσιον
326 1065 493 1143 ἀπικόμενον
507 1070 534 1127 ἐς
548 1063 681 1142 Σπάρτην
693 1065 853 1142 βούλεσθαι
874 1067 900 1123 οἱ
920 1068 965 1123 ἐλ-

169 1154 227 1214 θεῖν
243 1160 271 1218 ἐς
286 1154 396 1236 λόγους,
416 1153 623 1232 προϊσχόμενον
643 1152 746 1212 τοιάδε·
770 1153 825 1228 εἰμὶ
843 1154 894 1228 μὲν
910 1157 965 1210 Μι-

168 1241 276 1318 λήσιος,
289 1240 346 1317 ἥκω
366 1241 395 1300 δέ
412 1245 462 1317 τῆς
480 1245 542 1316 σῆς,
557 1243 675 1311 Γλαῦκε,
689 1239 864 1316 βουλόμενος
881 1239 965 1298 δικαι-

169 1327 270 1404 οσύνης
288 1328 459 1388 ἀπολαῦσαι·
482 1327 517 1391 οἷς
529 1327 584 1409 γὰρ
606 1326 639 1403 δὴ
661 1327 713 1387 άνοὶ
731 1332 828 1388 πᾶσαν
845 1329 897 1405 μὲν
913 1326 965 1402 τὴν

169 1414 406 1492 άλληνἘλλάδα,
421 1421 450 1476 ἐν
470 1416 500 1475 δέ
521 1416 566 1474 καὶ
579 1415 642 1492 περὶ
655 1413 767 1491 Ἰωνίην,
781 1419 831 1491 τῆς
852 1419 907 1490 σῆς
926 1414 964 1474 δι-

169 1504 316 1579 καιοσύνης
328 1503 363 1579 ἦν
376 1503 462 1584 λόγος
474 1502 591 1572 πολλός,
601 1507 724 1582 ἐμεωυτῷ
736 1503 839 1584 λόγους
850 1503 962 1573 ἐδίδουν,

169 1591 215 1648 καὶ
227 1590 271 1651 ὅτι
285 1590 451 1654 ἐπικίνδυνός
465 1595 526 1650 ἐστι
539 1591 595 1650 αἰεί
606 1615 669 1649 κοτε
685 1589 704 1666 ἦ
717 1591 807 1666 Ἰωνίη
826 1589 846 1666 ἡ
862 1591 891 1650 δὲ
906 1596 962 1649 Πε-

168 1677 344 1754 λοπόννησος
361 1676 512 1754 ἀσφαλέως
530 1678 668 1755 ἱδρυμένη,
682 1677 727 1736 καὶ
744 1676 813 1736 διότι
833 1677 964 1757 χρήματα

169 1762 276 1842 ούδαμδ
288 1765 353 1828 τούς
366 1764 464 1839 αύτούς
477 1771 539 1824 ἐστι
552 1764 620 1843 όρᾶν
641 1766 763 1844 ἔχοντας·
783 1765 870 1824 ταῦτα’
883 1790 914 1824 τε
928 1764 964 1824 ὧν

169 1853 355 1933 ἐπιλεγομένῳ
375 1853 420 1910 καὶ
439 1853 635 1930 βουλευομένῳ
656 1851 732 1920 ἔδοξέ
750 1877 799 1928 μοι
811 1851 847 1910 τοὶ
859 1851 964 1928 ἡμίσεα

168 1938 261 2014 πόσης
277 1943 328 2013 τῆς
346 1938 444 2014 ούσίης
464 1939 693 2018 ἐξαργυρώσαντα
714 1938 815 1998 θέσθαι
830 1937 907 2014 παραὶ
920 1940 963 2010 σὲ,

169 2025 198 2085 εὖ
212 2025 416 2103 ἐξεπισταμένῳ
430 2024 465 2088 ὥς
477 2050 526 2100 μοι
540 2027 650 2100 κείμενα
660 2025 740 2084 ἐσται
752 2023 830 2100 παρὰ
840 2025 888 2084 σοὶ
898 2023 963 2084 σόα·

168 2112 205 2172 σύ
219 2111 253 2188 δή
266 2137 316 2188 μοι
329 2112 374 2169 καὶ
391 2111 427 2171 τό
442 2111 573 2190 χρήματα
593 2111 669 2180 δέξαι
689 2111 734 2170 καὶ
754 2111 820 2171 τάδε
840 2111 876 2170 τά
894 2111 964 2189 σύμ·

166 2201 247 2277 βολα
267 2199 340 2270 σῶζε
361 2197 469 2275 λαβών·
491 2197 521 2262 ὃς
543 2197 565 2258 δ’
582 2197 615 2258 ἂν
637 2199 707 2278 έχων
726 2203 814 2259 ταῦτα
835 2199 962 2279 ἀπαιτέῃ,

166 2288 255 2368 τούτῳ
264 2286 424 2347 α’ποδοῦναι·
445 2285 462 2346 ό
475 2287 527 2364 μὲν
536 2286 570 2362 δὴ
584 2286 639 2346 άπὸ
649 2287 779 2363 Μιλήτου
792 2287 865 2364 ἦκων
878 2287 964 2357 ξεῖνος
979 2289 988 2308 δ

166 2381 292 2437 τοσαῦτα
309 2375 394 2445 ἔλεξε·
415 2378 543 2437 Γλαῦκος
562 2375 592 2435 δὲ
613 2374 723 2444 ἐδέξατο
736 2375 787 2451 την
799 2375 964 2454 παραθήκην

168 2464 214 2524 ἐπὶ
226 2468 264 2544 τῷ
278 2465 408 2543 εἰρημένῳ
422 2461 507 2543 λόγῳ
520 2461 622 2542 χρόνου
635 2463 665 2522 δέ
675 2467 787 2522 πολλοῦ
798 2462 962 2533 διελθόντος,

167 2550 256 2626 ἦλθον
270 2557 297 2616 ἐς
309 2551 361 2628 τὴν
374 2549 506 2628 Σπάρτην
526 2549 625 2610 τούτου
644 2554 694 2610 τοῦ
714 2551 907 2628 παραθεμένου
927 2551 963 2611 τὰ

168 2637 298 2714 χρήματα
312 2643 338 2698 οἱ
350 2639 455 2702 παῖδες·
476 2637 606 2700 ἐλθόντες
622 2637 651 2697 δὲ
668 2643 694 2700 ἐς
707 2637 810 2719 λόγους
822 2642 860 2716 τῷ
873 2638 963 2698 Γλαύ-

170 2749 207 2800 κῳ
221 2725 267 2781 καὶ
280 2725 485 2788 ἀποδεικνύντες
496 2724 533 2784 vd
546 2726 692 2802 σύμβολα,
703 2724 835 2785 ἀπαίτεον
847 2725 882 2784 τά
895 2725 964 2805 χρή-

168 2833 254 2887 ματα·
274 2809 290 2868 ὀ
309 2809 338 2868 δέ
358 2812 484 2871 διωθέετο
502 2810 765 2889 ἀντυποκρινόμενος
777 2813 879 2872 τοιάδε·
901 2812 965 2873 οὔτε

167 2897 311 2974 μέμνημαι
330 2897 364 2955 τδ
382 2903 507 2978 πρῆγμα,
522 2897 585 2959 ούτε
598 2924 634 2976 με
646 2900 791 2976 περιφέρει
805 2899 883 2959 ούδέν
899 2901 964 2959 εἶδέ-

168 3010 214 3046 ναι
228 2983 332 3044 τούτων
348 2987 403 3042 τῶν
416 2984 500 3060 ὑμεῖςΙ
513 2987 618 3066 λέγετε,
631 2986 778 3064 βούλομαί
795 3011 826 3047 τε
846 2985 966 3062 ἀναμνη-

168 3073 247 3136 σθεὶς
267 3071 370 3130 ποιέειν
390 3074 447 3130 πᾶν
463 3070 498 3130 τδ
520 3072 634 3134 δίκαιον·
662 3074 708 3132 καὶ
729 3073 784 3154 γάρ
805 3077 828 3130 εἰ
850 3073 963 3146 ἔλαβον,

168 3159 257 3239 ὀρθῶς
273 3158 434 3220 ἀποδοῦναι·
456 3159 502 3218 καὶ
523 3160 547 3218 εἶ
566 3186 600 3241 γε
619 3160 709 3239 ἀρχὴν
730 3159 770 3236 μή
789 3159 903 3231 ἔλαβον,
922 3158 966 3216 vd-

168 3275 248 3328 μοισι
267 3252 344 3310 τοῖσι
358 3246 503 3324 Ἑλλήνων
516 3247 661 3327 χρήσομαι
674 3253 701 3311 ἐς
713 3247 808 3324 ύμέας·
824 3247 917 3304 ταῦτα
930 3243 967 3304 ὧν

177 3331 262 3382 Π.-8
