2280 3432
191 77 238 126 228
493 77 678 126 ‘HPOAOTO'I'
897 73 999 138 [VIII.

187 154 319 234 όστεραίῃ
337 155 428 234 ἡμέρῃ
448 157 493 215 ἐπὶ
510 155 543 215 τό
560 154 740 231 Ἀρτεμίσιον
756 153 934 224 ἐπελέξαντο·
954 154 1001 216 τὰ

188 241 217 300 δὲ
230 241 381 322 γράμματα
395 242 461 301 τόδε
476 244 564 322 ἔλεγε·
587 253 603 277 “
613 240 708 318 ἄνδρες
721 238 822 310 Ἴωνες,
837 241 870 300 οὗ
883 243 999 303 ποιέετε

188 329 279 387 δίκαια
306 330 351 388 ε’πὶ
378 330 443 393 τούς
468 331 589 407 πατέρας
616 328 839 406 στρατευόμενοι,
867 330 914 387 καὶ
938 330 999 406 πὴν

186 414 315 475 Ἐλλάδα
336 417 597 494 καταδουλούμενοι·
618 415 695 476 ἅλλιί
711 415 839 493 μάλιστα
853 420 905 493 μὲν
920 419 997 496 πρὸς

187 504 279 581 ἡμέων
298 506 419 585 γίνεσθε·
449 510 472 565 εί
493 507 522 565 δὲ
542 505 607 583 ὖμῖν
628 510 689 565 ε’στι
709 508 792 564 τοῦτο
812 504 853 582 μὴ
874 505 997 568 δυνατόν

187 595 313 668 ποιῆσαι,
334 593 414 670 ὑμέες
442 593 472 652 δὲ
493 595 533 653 ἔτι
554 594 599 652 καὶ
620 597 667 653 νῦν
688 597 718 650 έκ
738 596 788 652 τοῦ
811 594 901 669 μέσου
921 594 996 671 ἡμῖν

188 679 284 750 ἕζεσθε
306 682 351 741 καὶ
372 679 459 751 αὐτοὶ,
481 681 602 741 καὶτῶν
622 685 724 757 Καρῶν
745 679 842 740 δέεσθε
861 681 897 740 τό
918 681 995 742 αὐτὰ

186 765 251 842 ἡμῖν
278 769 390 829 ποιέειν·
433 773 456 828 εί
482 769 512 828 δὲ
544 769 696 846 μηδέτερον
729 767 833 829 τούτων
867 769 927 828 οἶόν
957 797 993 830 τε

186 853 322 935 γίνεσθαι,
342 855 407 915 ἀλλ’
426 856 472 916 ὑπ’
488 856 639 937 ἀναγκαίης
654 857 769 933 μέζονος
789 857 953 936 κατέζευχθε
971 859 993 935 ἢ

187 941 259 1004 ὥστε
275 943 459 1014 ἀπίστασθαι,
473 944 553 1021 ἡμέες
573 971 609 1025 γε
623 949 652 1005 έν
667 973 706 1027 τῳ
720 944 799 1024 ἔργῳ,
815 944 898 1004 ἐπεὰν
916 971 992 1022 συμ-

185 1032 339 1112 μίσγωμεν,
360 1033 560 1102 ἐθελοκακέετε,
579 1033 749 1108 μεμνημένοι
768 1031 811 1091 ὅτι
827 1030 875 1090 ἀπ’
895 1032 992 1108 ἡμέων

185 1119 318 1200 γεγόνατε
339 1120 384 1179 καὶ
406 1119 449 1180 ὅτι
470 1118 593 1200 α’ρχῆθεν
609 1119 628 1195 ἡ
647 1120 732 1197 έχθρη
754 1119 825 1196 πρός
845 1119 895 1180 τόν
914 1121 990 1198 βόρ-

186 1207 278 1283 βορον
298 1205 345 1266 ἀπ’
365 1207 455 1284 ἡμέων
474 1207 542 1284 ἡμῖν
564 1205 687 1288 γέγονε.”
728 1209 936 1284 Θεμιστοκλέης
956 1210 990 1269 δὲ

185 1297 272 1354 ταῦτα.
296 1297 407 1376 ἔγραψε,
435 1295 539 1356 δοκέειν
562 1295 632 1372 ἐμοὶ,
657 1293 699 1354 ἐπ’
723 1293 870 1372 ἀμφότερα
893 1296 988 1357 νοέων·

187 1381 230 1442 ἵνα
243 1381 261 1458 ἢ
275 1382 399 1443 λαθόντα
415 1382 450 1442 τιὶ
468 1382 621 1464 γράμματα
633 1383 760 1458 βασιλέα
769 1380 866 1446 Ἰωνας
879 1383 988 1465 ποιήσῃ

185 1470 371 1545 μεταβαλέειν
394 1471 439 1527 καὶ
460 1471 592 1549 γενέσθαι
612 1469 682 1546 πρός
699 1473 811 1540 ἑωυτῶν,
831 1469 858 1545 ἡ,
876 1473 939 1530 ε’πεί
954 1499 988 1532 τε

185 1553 330 1636 ἀνενειχθῇ
364 1557 422 1629 καὶ,
439 1557 583 1636 διαβληθῇ
610 1558 680 1636 πρὸς
709 1558 822 1635 Ξέρξεα,
849 1557 988 1625 α’πίστους

186 1644 292 1722 ποιήσῃ
325 1643 389 1708 τούς
409 1643 507 1707 Ἴωνας
534 1645 579 1703 καὶ
605 1649 661 1706 τῶν
690 1645 863 1725 ναυμαχιέων
887 1645 989 1712 αὐτοὺς

188 1729 314 1811 α’πόσχῃ.

138 1821 177 1880 23
226 1824 435 1899 Θεμιστοκλέης
447 1825 499 1900 μὲν
511 1826 599 1883 ταῦτα
618 1825 761 1905 ἐνέγραψε·
781 1827 859 1884 τοῖσι
871 1823 901 1884 δὲ
913 1825 986 1903 βαρ-

184 1908 303 1986 βάροισι
337 1909 433 1971 αὐτίκα
461 1911 532 1988 μετὰ
566 1915 653 1972 ταῦτα
686 1913 776 1991 πλοίῳ
810 1909 881 1988 ἦλθε
915 1911 986 1991 οἷνὴρ

184 1995 337 2071 Ἱστιαιεύς,
352 1999 498 2080 ἀγγέλλων
515 1999 565 2060 τόν
583 1999 710 2078 δρησμδν
730 2001 780 2059 τόν
799 1999 847 2058 ἀπ’
859 1999 986 2078 Ἀρτεμι-

187 2088 251 2146 σίου
273 2092 328 2148 τῶν
350 2087 503 2164 Ἑλλήνων.
545 2091 572 2147 οἶ
595 2087 618 2146 δ’
641 2087 687 2146 ὑπ’
711 2087 843 2164 α’πιστίης
864 2087 913 2148 τόν
933 2092 987 2165 μὲν

185 2172 361 2254 ἀγγέλλοντα
378 2175 453 2254 εἶχον
473 2182 501 2236 ἐν
521 2180 643 2256 φυλακῇ,
658 2180 725 2251 νῆας
743 2176 773 2235 δὲ
789 2177 901 2254 ταχείας
919 2176 983 2236 α’πέ-

185 2265 301 2320 στειλαν
318 2265 574 2340 προκατοψομένας·
596 2262 825 2344 ἀπαγγειλάντων
839 2264 868 2322 δὲ
881 2264 985 2325 τούτων

184 2347 220 2407 τό
229 2345 271 2422 ἦν,
281 2348 350 2408 οὕτω
388 2349 394 2370 “
407 2347 465 2424 ἅμα
478 2350 548 2430 ἡλίῳ
563 2351 734 2430 σκιδναμένῳ
745 2356 825 2410 πᾶσα
836 2351 855 2427 ἡ
866 2351 983 2428 στρατιὴ

185 2435 273 2494 έπλωε
292 2435 364 2512 ἆλὴς
387 2438 432 2495 ε’πὶ
448 2437 480 2497 τὰ
498 2436 685 2515 Ἀρτεμίσιον·
718 2437 881 2518 ἐπισχόντες
905 2439 934 2498 δὲ
955 2445 985 2500 ἒν

183 2522 270 2601 τούτῳ
283 2527 321 2602 τῷ
333 2524 413 2603 χοίρῳ
430 2525 514 2604 μέχρι
533 2527 623 2603 μέσου
641 2526 753 2604 ἡμέρης,
767 2526 801 2586 τό
816 2526 872 2586 α’πὸ
885 2527 983 2587 τούτου

185 2609 292 2670 ἔπλωον
305 2617 333 2676 ές
348 2611 492 2688 Ἱστιαίην·
514 2613 676 2690 ἀπικόμενοι
690 2615 720 2674 δὲ
732 2613 784 2690 τὴν
799 2613 885 2696 πόλιν
899 2615 984 2694 ἔσχον

183 2701 238 2758 τῶν
255 2698 414 2770 Ἱστιαιέων,
438 2702 483 2760 καὶ
503 2705 554 2778 τῆς
572 2701 727 2779 Ἐλλοπίης
748 2703 855 2780 μοίρης,
879 2705 932 2782 γῆς
954 2702 983 2761 δὲ

182 2791 233 2863 τῆς
244 2786 445 2866 Ἱστιαιὴτιδος,
460 2789 509 2853 ταὶς
522 2791 761 2867 παραθαλασσίας
780 2791 873 2868 κώμας
891 2789 983 2854 πόσας

184 2875 347 2953 ἐπέδραμον.

137 2962 176 3020 24
224 2961 361 3025 Ἐνθαῦτα
374 2965 403 3024 δὲ
416 2965 519 3026 τούτων
530 2965 636 3036 ἐόντων,
647 2967 753 3044 Ξέρξης
766 2966 983 3044 ἑτοιμασάμενος

183 3048 220 3108 τὰ
252 3053 315 3128 περὶ
349 3052 413 3115 τούς
439 3052 559 3129 νεκροιλς,
585 3053 689 3129 ἔπεμπε
718 3059 746 3116 ές
779 3053 830 3113 τόν
858 3054 983 3115 ναυτικόν

185 3137 308 3211 στρατόν
326 3140 440 3215 κήρυκα·
460 3139 687 3215 προετοιμάσατο
704 3140 826 3200 δὲτάδε·
850 3141 915 3201 ὅσοι
934 3145 982 3201 τοῦ

21 3253 67 3354 ι
185 3228 307 3295 στρατοῦ
329 3231 379 3283 τοῦ
402 3229 502 3284 ἑωυτοῦ
520 3223 596 3300 ἦσαν
614 3228 704 3302 νεκροὶ
722 3231 752 3285 έν
769 3228 981 3305 Θερμοπύλῃσι·
