2294 3430
386 455 735 526 ‘HPOAOTOY

284 633 541 706 ἸΣΤΟΡΙΩΝ
576 635 827 707 ἙΒΔΟΜΗ.

509 806 609 834 -4-

446 925 670 982 ΠΟΛΥΜΝΙΑ,

151 1041 166 1099 l
222 1039 325 1100 ἘΠΕΙ
347 1041 376 1100 δὲ
396 1040 514 1122 α’γγελίη
534 1040 648 1101 άπίκετο
669 1041 732 1118 περὶ
750 1045 799 1116 τῆς
818 1039 911 1118 μάχης
928 1041 979 1113 τῆς

184 1132 213 1186 ἔν
228 1128 381 1204 Μαραθῶνι
399 1130 547 1208 γενομένης
563 1128 639 1205 παρά
657 1129 784 1204 βασιλέα
798 1130 916 1203 Δαρεῖον
929 1125 979 1185 τόν

152 1212 163 1263 ‚²
182 1213 368 1286 Ὑστάσπεος,
385 1216 431 1272 καὶ
449 1217 515 1292 πρὶν
532 1216 662 1297 μεγάλως
681 1216 886 1295 κεχαραγμένον
902 1217 979 1272 τοῖσι
1020 1281 1023 1289 Ι

182 1300 357 1378 Ἀθηναίοισι
374 1301 419 1360 διαὶ
436 1302 488 1376 την
506 1307 533 1366 ἐς
552 1303 653 1379 Σάρδις
672 1301 808 1378 ἐσβολὴν,
826 1301 871 1360 καὶ
884 1300 918 1376 δη
932 1301 979 1358 καὶ

183 1381 247 1441 τότε
265 1386 364 1460 πολλῷ
381 1407 413 1441 τε
429 1382 568 1459 δεινότερα
581 1385 670 1442 ε’ποίεε
684 1383 729 1441 καὶ
741 1386 855 1459 μᾶλλον
868 1379 978 1458 ὥρμητο

141 1545 146 1554 ἱ
183 1468 384 1544 στρατεύεσθαι
395 1469 439 1527 ε’πὶ
452 1470 503 1544 την
512 1469 647 1529 Ἑλλάδα.
669 1470 715 1528 καὶ
726 1469 825 1528 αὐτίκα
834 1470 885 1544 μὲν
895 1473 977 1549 ε’πηγ-
994 1469 996 1473 ’

182 1556 301 1635 γέλλετο
325 1557 441 1632 πέμπων
465 1555 600 1638 ἀγγέλους
624 1557 693 1616 κατοὶ
713 1556 803 1626 πόλις,
827 1555 979 1632 ἑτοιμάζειν

183 1642 326 1718 στρατιήν,
345 1647 445 1720 πολλῷ
459 1645 536 1702 πλέω
552 1643 711 1704 ἐπιτάσσων
724 1643 742 1720 ἢ
755 1642 892 1720 πρότερον
907 1669 977 1719 παρ-

183 1735 274 1808 εἳχον,·
281 1731 327 1789 καὶ
343 1731 405 1794 νέας
422 1757 453 1790 τε
475 1733 520 1791 καὶ
536 1731 636 1795 ἵππους
654 1733 700 1790 καὶ
716 1735 797 1792 σῖτον
817 1733 862 1790 καὶ
880 1734 977 1789 πλοῖα·

182 1817 286 1877 τούτων
306 1818 335 1876 δὲ
354 1819 640 1900 περιαγγελλομένων,
656 1819 675 1895 ἦ
690 1819 775 1894 Ἀσίη
791 1818 912 1877 ἐδονέετο
933 1819 979 1876 ε’πὶ

181 1906 245 1982 τρία
258 1907 327 1976 ἔτεα,
335 1907 570 1988 ·καταλεγομένων
582 1931 612 1966 τε
625 1909 680 1965 τῶν
693 1905 814 1982 α’ρίστων
824 1904 859 1967 ὦς
872 1905 917 1962 ε’πὶ
927 1904 979 1980 τήν

180 1991 307 2052 Ἑλλάδα
333 1994 587 2071 στρατευσαμένων,
612 1993 659 2052 καὶ
678 1990 977 2070 παρασκευαζομένων.

181 2080 302 2160 τετάρτη
323 2082 353 2141 δὲ
373 2081 427 2139 ἔτεϊ
447 2082 603 2162 Αῖγόπτίοι,
620 2080 674 2140 ὑπό
692 2079 857 2156 Καμβύσεω
878 2079 979 2138 δουλω-
1056 2159 1060 2168 ,

184 2168 283 2236 θέντες,
308 2167 474 2243 ἀπέστησαν
494 2167 549 2228 άπὸ
571 2167 714 2244 Περσέων·
742 2168 859 2227 ἐνθαῦτα
879 2165 913 2241 δὴ
933 2168 980 2225 καὶ

182 2258 295 2329 μᾶλλον
316 2254 427 2330 ὥρμητο
447 2255 492 2312 καὶ
511 2253 552 2312 ἐπ’
570 2253 746 2331 ἀμφοτέρους
765 2252 979 2330 στρατεύεσθαι.

155 2339 377 2416 2Στελλομένου
398 2340 427 2398 δὲ
441 2341 561 2417 Δαρείου
575 2340 616 2400 ἔπ’
635 2341 777 2422 Αἴγυπτον
793 2341 838 2399 καὶ
850 2333 979 2415 Ἀθήνας,

182 2431 237 2486 τῶν
254 2426 358 2487 παίδων
373 2426 458 2487 αὐτοῦ
477 2427 579 2491 στάσις
599 2429 707 2509 ἐγένετο
725 2429 836 2509 μεγάλη
854 2429 917 2504 περὶ
930 2432 981 2504 τῆς

183 2513 340 2593 ἡγεμονίης·
362 2513 397 2577 ὥς
410 2515 452 2573 δεῖ
462 2541 511 2591 μιν
523 2515 695 2586 ἀποδέξαντα
708 2514 835 2592 βασιλέα
849 2513 918 2573 κατά
931 2515 981 2575 τόν

184 2593 318 2670 Περσέων
325 2593 419 2670 νόμον,
427 2595 497 2655 οὕτω
505 2596 716 2673 στρατεύεσθαι·
728 2595 803 2672 ἦσαν
808 2595 863 2676 γὰρ
872 2596 981 2675 Δαρείῳ

184 2682 230 2740 καὶ
249 2680 385 2760 πρότερον
401 2682 420 2760 ἢ
436 2685 612 2760 βασιλεῦσαι
627 2683 773 2766 γεγονότες
787 2686 860 2760 τρεῖς
875 2682 980 2752 παῖδες,

184 2773 214 2829 ἐκ
233 2774 284 2846 τῆς
303 2770 439 2850 προτέρης
461 2771 589 2852 γυναικός
612 2770 750 2849 Γωβρόεω
771 2769 914 2851 θυγατρός,
935 2772 982 2829 καὶ

183 2858 391 2934 βασιλεύσαντι
412 2859 443 2929 ἐξ
460 2857 603 2935 Ἀτόσσης
622 2863 672 2935 τῆς
693 2858 788 2935 Κόρου
810 2858 897 2933 ἕτεροι
916 2855 980 2916 τέσ-

185 2971 274 3024 σερες·
294 2949 349 3007 τῶν
364 2949 416 3024 μὲν
433 2946 466 3023 δή
480 2947 621 3024 προτέρων
639 2946 795 3023 ἐπρέσβευε
806 2945 982 3021 Ἀρτοβαζά-

185 3058 241 3108 νης,
258 3037 313 3095 τῶν
330 3033 359 3092 δὲ
376 3032 576 3114 ἐπιγενομένων
592 3033 707 3111 Ξέρξης·
724 3033 813 3095 ἐόντες
831 3032 860 3090 δὲ
874 3031 982 3106 μητρός

185 3119 218 3180 οὔ
240 3127 290 3197 τῆς
314 3121 406 3198 αὐτῆς,
431 3121 608 3192 ἐστασίαζον·
643 3121 659 3182 0‘
686 3123 737 3198 μὲν
760 3116 982 3194 Ἀρτοβαζάνης,

186 3208 280 3270 κατότι
299 3207 496 3287 πρεσβύτατός
514 3233 546 3268 τε
566 3208 608 3284 ε’ίη
628 3206 732 3270 παντός
757 3208 807 3264 τοῦ
830 3201 914 3279 γόνου
935 3206 983 3264 καὶ
