<?xml version="1.0" encoding="UTF-8"?>
<!DOCTYPE html PUBLIC "-//W3C//DTD XHTML 1.0 Transitional//EN"
    "http://www.w3.org/TR/xhtml1/DTD/xhtml1-transitional.dtd">
<html xmlns="http://www.w3.org/1999/xhtml" xml:lang="en" lang="en">
 <head>
  <title>
</title>
<meta http-equiv="Content-Type" content="text/html;charset=utf-8" />
  <meta name='ocr-system' content='tesseract 3.04.00' />
  <meta name='ocr-capabilities' content='ocr_page ocr_carea ocr_par ocr_line ocrx_word'/>
</head>
<body>
  <div class='ocr_page' id='page_1' title='image "./herodotusrecens01blakgoog_0040.png"; bbox 0 0 2204 3430; ppageno 0'>
   <div class='ocr_carea' id='block_1_1' title="bbox 65 133 992 3372">
    <p class='ocr_par' dir='ltr' id='par_1_1' title="bbox 65 133 992 3372">
     <span class='ocr_line' id='line_1_1' title="bbox 144 133 944 202; baseline -0.008 -16"><span class='ocrx_word' id='word_1_1' title='bbox 144 137 252 202; x_wconf 77' lang='grc' dir='ltr'>ςι-ιι]</span> <span class='ocrx_word' id='word_1_2' title='bbox 446 133 649 184; x_wconf 72' lang='grc' dir='ltr'>υαΡαικοΡΗ.</span> <span class='ocrx_word' id='word_1_3' title='bbox 914 137 944 181; x_wconf 77' lang='grc' dir='ltr'>ιι</span> 
     </span>
     <span class='ocr_line' id='line_1_2' title="bbox 144 212 946 294; baseline -0.01 -15"><span class='ocrx_word' id='word_1_4' title='bbox 144 245 216 289; x_wconf 89' lang='grc' dir='ltr'>σιος,</span> <span class='ocrx_word' id='word_1_5' title='bbox 232 218 298 294; x_wconf 84' lang='grc' dir='ltr'>πρὶν</span> <span class='ocrx_word' id='word_1_6' title='bbox 311 216 329 294; x_wconf 89' lang='grc' dir='ltr'>ή</span> <span class='ocrx_word' id='word_1_7' title='bbox 342 217 448 292; x_wconf 85' lang='grc' dir='ltr'>Ἰωνίην</span> <span class='ocrx_word' id='word_1_8' title='bbox 466 241 497 276; x_wconf 88' lang='grc' dir='ltr'>τε</span> <span class='ocrx_word' id='word_1_9' title='bbox 515 213 674 290; x_wconf 83' lang='grc' dir='ltr'>ἀποστῆναι</span> <span class='ocrx_word' id='word_1_10' title='bbox 690 212 746 274; x_wconf 83' lang='grc' dir='ltr'>ἀπό</span> <span class='ocrx_word' id='word_1_11' title='bbox 765 212 885 290; x_wconf 85' lang='grc' dir='ltr'>Δαρείου</span> <span class='ocrx_word' id='word_1_12' title='bbox 901 213 946 272; x_wconf 88' lang='grc' dir='ltr'>καὶ</span> 
     </span>
     <span class='ocr_line' id='line_1_3' title="bbox 142 300 946 389; baseline -0.006 -24"><span class='ocrx_word' id='word_1_13' title='bbox 142 306 348 389; x_wconf 82' lang='grc' dir='ltr'>Ἀρισταγόρεα</span> <span class='ocrx_word' id='word_1_14' title='bbox 360 305 410 366; x_wconf 80' lang='grc' dir='ltr'>τόν</span> <span class='ocrx_word' id='word_1_15' title='bbox 427 302 574 380; x_wconf 89' lang='grc' dir='ltr'>Μιλήσιον</span> <span class='ocrx_word' id='word_1_16' title='bbox 591 302 759 379; x_wconf 90' lang='grc' dir='ltr'>ἀπικόμενον</span> <span class='ocrx_word' id='word_1_17' title='bbox 780 307 807 364; x_wconf 86' lang='grc' dir='ltr'>ἐς</span> <span class='ocrx_word' id='word_1_18' title='bbox 826 300 946 377; x_wconf 86' lang='grc' dir='ltr'>Ἀθήνας</span> 
     </span>
     <span class='ocr_line' id='line_1_4' title="bbox 142 389 854 473; baseline -0.007 -20"><span class='ocrx_word' id='word_1_19' title='bbox 142 399 251 473; x_wconf 82' lang='grc' dir='ltr'>χρῇσαι</span> <span class='ocrx_word' id='word_1_20' title='bbox 264 396 359 472; x_wconf 88' lang='grc' dir='ltr'>σφέων</span> <span class='ocrx_word' id='word_1_21' title='bbox 373 395 512 470; x_wconf 80' lang='grc' dir='ltr'>βοηθέειν,</span> <span class='ocrx_word' id='word_1_22' title='bbox 526 395 614 452; x_wconf 81' lang='grc' dir='ltr'>ταῦτα</span> <span class='ocrx_word' id='word_1_23' title='bbox 627 395 722 468; x_wconf 80' lang='grc' dir='ltr'>πρῶτα</span> <span class='ocrx_word' id='word_1_24' title='bbox 743 389 854 467; x_wconf 90' lang='grc' dir='ltr'>φράσω.</span> 
     </span>
     <span class='ocr_line' id='line_1_5' title="bbox 183 477 992 561; baseline -0.004 -20"><span class='ocrx_word' id='word_1_25' title='bbox 183 482 299 560; x_wconf 81' lang='grc' dir='ltr'>Ἀθῆναι</span> <span class='ocrx_word' id='word_1_26' title='bbox 314 487 411 541; x_wconf 81' lang='grc' dir='ltr'>ἐοῦσαι</span> <span class='ocrx_word' id='word_1_27' title='bbox 427 481 473 540; x_wconf 87' lang='grc' dir='ltr'>καὶ</span> <span class='ocrx_word' id='word_1_28' title='bbox 487 481 552 557; x_wconf 79' lang='grc' dir='ltr'>πρὶν</span> <span class='ocrx_word' id='word_1_29' title='bbox 570 479 701 561; x_wconf 85' lang='grc' dir='ltr'>μεγάλαι,</span> <span class='ocrx_word' id='word_1_30' title='bbox 714 477 778 538; x_wconf 88' lang='grc' dir='ltr'>τότε</span> <span class='ocrx_word' id='word_1_31' title='bbox 796 477 944 557; x_wconf 88' lang='grc' dir='ltr'>ἀπαλλαχ·</span> <span class='ocrx_word' id='word_1_32' title='bbox 955 481 992 538; x_wconf 89' lang='grc'>66</span> 
     </span>
     <span class='ocr_line' id='line_1_6' title="bbox 143 566 945 650; baseline -0.006 -19"><span class='ocrx_word' id='word_1_33' title='bbox 143 571 236 631; x_wconf 83' lang='grc' dir='ltr'>θεῖσαι</span> <span class='ocrx_word' id='word_1_34' title='bbox 252 569 390 649; x_wconf 86' lang='grc' dir='ltr'>τυράννων</span> <span class='ocrx_word' id='word_1_35' title='bbox 410 571 533 650; x_wconf 85' lang='grc' dir='ltr'>ἐγίνοντο</span> <span class='ocrx_word' id='word_1_36' title='bbox 552 569 672 646; x_wconf 81' lang='grc' dir='ltr'>μέζονες·</span> <span class='ocrx_word' id='word_1_37' title='bbox 695 573 723 627; x_wconf 88' lang='grc' dir='ltr'>ἐν</span> <span class='ocrx_word' id='word_1_38' title='bbox 737 567 766 625; x_wconf 81' lang='grc' dir='ltr'>δὲ</span> <span class='ocrx_word' id='word_1_39' title='bbox 780 566 883 646; x_wconf 76' lang='grc' dir='ltr'>αὐτῇσι</span> <span class='ocrx_word' id='word_1_40' title='bbox 896 567 945 628; x_wconf 88' lang='grc' dir='ltr'>δύο</span> 
     </span>
     <span class='ocr_line' id='line_1_7' title="bbox 143 655 944 737; baseline -0.001 -20"><span class='ocrx_word' id='word_1_41' title='bbox 143 657 238 737; x_wconf 85' lang='grc' dir='ltr'>ἀνδρες</span> <span class='ocrx_word' id='word_1_42' title='bbox 271 658 460 729; x_wconf 77' lang='grc' dir='ltr'>ἐδυνάστευον,</span> <span class='ocrx_word' id='word_1_43' title='bbox 489 657 665 733; x_wconf 78' lang='grc' dir='ltr'>Κλεισθένης</span> <span class='ocrx_word' id='word_1_44' title='bbox 693 683 732 726; x_wconf 90' lang='grc' dir='ltr'>τε,</span> <span class='ocrx_word' id='word_1_45' title='bbox 764 655 834 734; x_wconf 81' lang='grc' dir='ltr'>ἀνήρ</span> <span class='ocrx_word' id='word_1_46' title='bbox 861 655 944 716; x_wconf 85' lang='grc' dir='ltr'>Ἀλκ·</span> 
     </span>
     <span class='ocr_line' id='line_1_8' title="bbox 65 744 943 827; baseline -0.001 -22"><span class='ocrx_word' id='word_1_47' title='bbox 65 751 69 761; x_wconf 91' lang='grc'><strong>’</strong></span> <span class='ocrx_word' id='word_1_48' title='bbox 143 748 298 823; x_wconf 78' lang='grc' dir='ltr'>μαιωνιδης,</span> <span class='ocrx_word' id='word_1_49' title='bbox 320 747 410 824; x_wconf 83' lang='grc' dir='ltr'>ὅσπερ</span> <span class='ocrx_word' id='word_1_50' title='bbox 432 746 465 821; x_wconf 83' lang='grc' dir='ltr'>δή</span> <span class='ocrx_word' id='word_1_51' title='bbox 491 745 579 827; x_wconf 89' lang='grc' dir='ltr'>λόγον</span> <span class='ocrx_word' id='word_1_52' title='bbox 601 746 657 824; x_wconf 84' lang='grc' dir='ltr'>ἔχει</span> <span class='ocrx_word' id='word_1_53' title='bbox 679 745 731 820; x_wconf 81' lang='grc' dir='ltr'>τήν</span> <span class='ocrx_word' id='word_1_54' title='bbox 752 745 861 821; x_wconf 89' lang='grc' dir='ltr'>Πυθίην</span> <span class='ocrx_word' id='word_1_55' title='bbox 881 744 943 806; x_wconf 87' lang='grc' dir='ltr'>ἀνα-</span> 
     </span>
     <span class='ocr_line' id='line_1_9' title="bbox 143 832 944 915; baseline 0.002 -23"><span class='ocrx_word' id='word_1_56' title='bbox 143 839 248 908; x_wconf 85' lang='grc' dir='ltr'>πεῖσαι,</span> <span class='ocrx_word' id='word_1_57' title='bbox 282 836 329 894; x_wconf 79' lang='grc' dir='ltr'>καὶ</span> <span class='ocrx_word' id='word_1_58' title='bbox 356 834 506 915; x_wconf 80' lang='grc' dir='ltr'>Ἰσαγόρης</span> <span class='ocrx_word' id='word_1_59' title='bbox 538 833 553 893; x_wconf 80' lang='grc' dir='ltr'>ὁ</span> <span class='ocrx_word' id='word_1_60' title='bbox 583 832 747 910; x_wconf 87' lang='grc' dir='ltr'>Τισάνδρου,</span> <span class='ocrx_word' id='word_1_61' title='bbox 780 833 866 909; x_wconf 81' lang='grc' dir='ltr'>οἰκίης</span> <span class='ocrx_word' id='word_1_62' title='bbox 893 837 944 911; x_wconf 84' lang='grc' dir='ltr'>μέν</span> 
     </span>
     <span class='ocr_line' id='line_1_10' title="bbox 145 920 943 998; baseline 0 -18"><span class='ocrx_word' id='word_1_63' title='bbox 145 922 196 980; x_wconf 76' lang='grc' dir='ltr'>ἐιδν</span> <span class='ocrx_word' id='word_1_64' title='bbox 217 923 340 998; x_wconf 81' lang='grc' dir='ltr'>δοκίμου,</span> <span class='ocrx_word' id='word_1_65' title='bbox 366 921 436 998; x_wconf 82' lang='grc' dir='ltr'>ἀτὰρ</span> <span class='ocrx_word' id='word_1_66' title='bbox 463 921 498 980; x_wconf 84' lang='grc' dir='ltr'>τά</span> <span class='ocrx_word' id='word_1_67' title='bbox 523 921 653 980; x_wconf 89' lang='grc' dir='ltr'>ἀνέκαθεν</span> <span class='ocrx_word' id='word_1_68' title='bbox 678 920 726 979; x_wconf 82' lang='grc' dir='ltr'>οὐκ</span> <span class='ocrx_word' id='word_1_69' title='bbox 749 921 802 998; x_wconf 81' lang='grc' dir='ltr'>έχω</span> <span class='ocrx_word' id='word_1_70' title='bbox 825 921 943 997; x_wconf 89' lang='grc' dir='ltr'>φράσαι·</span> 
     </span>
     <span class='ocr_line' id='line_1_11' title="bbox 146 1007 944 1090; baseline 0.001 -22"><span class='ocrx_word' id='word_1_71' title='bbox 146 1009 246 1069; x_wconf 86' lang='grc' dir='ltr'>θύουσι</span> <span class='ocrx_word' id='word_1_72' title='bbox 263 1009 292 1068; x_wconf 83' lang='grc' dir='ltr'>δέ</span> <span class='ocrx_word' id='word_1_73' title='bbox 311 1013 337 1085; x_wconf 71' lang='grc' dir='ltr'>οἱ</span> <span class='ocrx_word' id='word_1_74' title='bbox 358 1009 505 1090; x_wconf 78' lang='grc' dir='ltr'>συγγενέες</span> <span class='ocrx_word' id='word_1_75' title='bbox 520 1007 604 1066; x_wconf 83' lang='grc' dir='ltr'>αύτοῦ</span> <span class='ocrx_word' id='word_1_76' title='bbox 623 1009 671 1066; x_wconf 74' lang='grc' dir='ltr'>Διῒ</span> <span class='ocrx_word' id='word_1_77' title='bbox 685 1010 791 1087; x_wconf 77' lang='grc' dir='ltr'>Καρίῳ.</span> <span class='ocrx_word' id='word_1_78' title='bbox 832 1007 944 1068; x_wconf 80' lang='grc' dir='ltr'>οὖτοιοί</span> 
     </span>
     <span class='ocr_line' id='line_1_12' title="bbox 145 1095 945 1174; baseline 0.001 -19"><span class='ocrx_word' id='word_1_79' title='bbox 145 1095 241 1174; x_wconf 84' lang='grc' dir='ltr'>ἀνδρες</span> <span class='ocrx_word' id='word_1_80' title='bbox 260 1098 436 1156; x_wconf 86' lang='grc' dir='ltr'>ἐστασίασαν</span> <span class='ocrx_word' id='word_1_81' title='bbox 455 1096 519 1173; x_wconf 89' lang='grc' dir='ltr'>περὶ</span> <span class='ocrx_word' id='word_1_82' title='bbox 536 1095 674 1173; x_wconf 86' lang='grc' dir='ltr'>δυνάμιος·</span> <span class='ocrx_word' id='word_1_83' title='bbox 697 1095 866 1173; x_wconf 79' lang='grc' dir='ltr'>ἑσσούμενος</span> <span class='ocrx_word' id='word_1_84' title='bbox 885 1097 945 1156; x_wconf 82' lang='grc' dir='ltr'>δέό</span> 
     </span>
     <span class='ocr_line' id='line_1_13' title="bbox 146 1183 944 1261; baseline 0.003 -19"><span class='ocrx_word' id='word_1_85' title='bbox 146 1185 328 1260; x_wconf 87' lang='grc' dir='ltr'>Κλεισθένης,</span> <span class='ocrx_word' id='word_1_86' title='bbox 345 1185 394 1244; x_wconf 81' lang='grc' dir='ltr'>τόν</span> <span class='ocrx_word' id='word_1_87' title='bbox 416 1185 503 1261; x_wconf 82' lang='grc' dir='ltr'>δῆμον</span> <span class='ocrx_word' id='word_1_88' title='bbox 524 1184 775 1261; x_wconf 80' lang='grc' dir='ltr'>προσεταιρίζεται.</span> <span class='ocrx_word' id='word_1_89' title='bbox 816 1183 887 1261; x_wconf 81' lang='grc' dir='ltr'>μετά</span> <span class='ocrx_word' id='word_1_90' title='bbox 907 1185 944 1256; x_wconf 85' lang='grc' dir='ltr'>δέ,</span> 
     </span>
     <span class='ocr_line' id='line_1_14' title="bbox 144 1271 944 1350; baseline 0 -18"><span class='ocrx_word' id='word_1_91' title='bbox 144 1272 336 1349; x_wconf 80' lang='grc' dir='ltr'>τετραφύλους</span> <span class='ocrx_word' id='word_1_92' title='bbox 351 1273 445 1337; x_wconf 81' lang='grc' dir='ltr'>ἐόντας</span> <span class='ocrx_word' id='word_1_93' title='bbox 458 1272 622 1349; x_wconf 89' lang='grc' dir='ltr'>Ἀθηναίους</span> <span class='ocrx_word' id='word_1_94' title='bbox 637 1271 811 1349; x_wconf 84' lang='grc' dir='ltr'>δεκαφύλους</span> <span class='ocrx_word' id='word_1_95' title='bbox 822 1274 944 1350; x_wconf 89' lang='grc' dir='ltr'>ἐποίησε,</span> 
     </span>
     <span class='ocr_line' id='line_1_15' title="bbox 144 1360 944 1441; baseline 0.001 -22"><span class='ocrx_word' id='word_1_96' title='bbox 144 1365 199 1420; x_wconf 82' lang='grc' dir='ltr'>τῶν</span> <span class='ocrx_word' id='word_1_97' title='bbox 214 1361 308 1425; x_wconf 87' lang='grc' dir='ltr'>Ἴωνος</span> <span class='ocrx_word' id='word_1_98' title='bbox 335 1363 447 1433; x_wconf 86' lang='grc' dir='ltr'>παίδων,</span> <span class='ocrx_word' id='word_1_99' title='bbox 476 1362 626 1425; x_wconf 89' lang='grc' dir='ltr'>Γελέοντος</span> <span class='ocrx_word' id='word_1_100' title='bbox 647 1361 693 1420; x_wconf 83' lang='grc' dir='ltr'>καὶ</span> <span class='ocrx_word' id='word_1_101' title='bbox 713 1360 875 1441; x_wconf 82' lang='grc' dir='ltr'>Αἰγικόρεος</span> <span class='ocrx_word' id='word_1_102' title='bbox 898 1361 944 1422; x_wconf 87' lang='grc' dir='ltr'>καὶ</span> 
     </span>
     <span class='ocr_line' id='line_1_16' title="bbox 145 1446 942 1530; baseline 0.003 -24"><span class='ocrx_word' id='word_1_103' title='bbox 145 1446 283 1530; x_wconf 84' lang='grc' dir='ltr'>Ἀργάδεω</span> <span class='ocrx_word' id='word_1_104' title='bbox 300 1451 346 1509; x_wconf 86' lang='grc' dir='ltr'>καὶ</span> <span class='ocrx_word' id='word_1_105' title='bbox 360 1450 515 1527; x_wconf 83' lang='grc' dir='ltr'>Ὅπλητος,</span> <span class='ocrx_word' id='word_1_106' title='bbox 530 1449 696 1520; x_wconf 79' lang='grc' dir='ltr'>ἀπαλλάξας</span> <span class='ocrx_word' id='word_1_107' title='bbox 716 1449 765 1512; x_wconf 87' lang='grc' dir='ltr'>τάς</span> <span class='ocrx_word' id='word_1_108' title='bbox 782 1452 942 1527; x_wconf 89' lang='grc' dir='ltr'>ἐπωνυμίας,</span> 
     </span>
     <span class='ocr_line' id='line_1_17' title="bbox 147 1537 945 1616; baseline 0.005 -22"><span class='ocrx_word' id='word_1_109' title='bbox 147 1539 297 1616; x_wconf 86' lang='grc' dir='ltr'>ἐπιχωρίων</span> <span class='ocrx_word' id='word_1_110' title='bbox 307 1538 329 1597; x_wconf 85' lang='grc' dir='ltr'>δ’</span> <span class='ocrx_word' id='word_1_111' title='bbox 345 1539 441 1616; x_wconf 86' lang='grc' dir='ltr'>ἐτέρων</span> <span class='ocrx_word' id='word_1_112' title='bbox 452 1538 547 1616; x_wconf 85' lang='grc' dir='ltr'>ήριύων</span> <span class='ocrx_word' id='word_1_113' title='bbox 554 1539 712 1615; x_wconf 84' lang='grc' dir='ltr'>,ἐπωνυμίας</span> <span class='ocrx_word' id='word_1_114' title='bbox 723 1538 845 1616; x_wconf 71' lang='grc' dir='ltr'>ἐξευρών,</span> <span class='ocrx_word' id='word_1_115' title='bbox 855 1537 945 1616; x_wconf 79' lang='grc' dir='ltr'>πάρεξ</span> 
     </span>
     <span class='ocr_line' id='line_1_18' title="bbox 146 1626 943 1708; baseline 0.003 -24"><span class='ocrx_word' id='word_1_116' title='bbox 146 1627 271 1690; x_wconf 83' lang='grc' dir='ltr'>Αἴαντος·</span> <span class='ocrx_word' id='word_1_117' title='bbox 292 1631 391 1690; x_wconf 78' lang='grc' dir='ltr'>τοῦτον</span> <span class='ocrx_word' id='word_1_118' title='bbox 405 1628 434 1686; x_wconf 81' lang='grc' dir='ltr'>δὲ</span> <span class='ocrx_word' id='word_1_119' title='bbox 453 1626 501 1687; x_wconf 79' lang='grc' dir='ltr'>ἅτε</span> <span class='ocrx_word' id='word_1_120' title='bbox 520 1626 703 1708; x_wconf 74' lang='grc' dir='ltr'>ἀστυγείτονα</span> <span class='ocrx_word' id='word_1_121' title='bbox 721 1627 767 1686; x_wconf 89' lang='grc' dir='ltr'>καὶ</span> <span class='ocrx_word' id='word_1_122' title='bbox 784 1627 943 1706; x_wconf 87' lang='grc' dir='ltr'>σύμμαχον,</span> 
     </span>
     <span class='ocr_line' id='line_1_19' title="bbox 146 1713 990 1794; baseline 0.004 -21"><span class='ocrx_word' id='word_1_123' title='bbox 146 1713 234 1783; x_wconf 81' lang='grc' dir='ltr'>ξεῖνον</span> <span class='ocrx_word' id='word_1_124' title='bbox 258 1714 339 1776; x_wconf 88' lang='grc' dir='ltr'>ε’όντα</span> <span class='ocrx_word' id='word_1_125' title='bbox 359 1717 525 1794; x_wconf 85' lang='grc' dir='ltr'>προσέθετο.</span> <span class='ocrx_word' id='word_1_126' title='bbox 567 1720 661 1776; x_wconf 84' lang='grc' dir='ltr'>Ταῦτα</span> <span class='ocrx_word' id='word_1_127' title='bbox 685 1716 723 1786; x_wconf 79' lang='grc' dir='ltr'>δὲ,</span> <span class='ocrx_word' id='word_1_128' title='bbox 748 1715 851 1775; x_wconf 89' lang='grc' dir='ltr'>δοκέειν</span> <span class='ocrx_word' id='word_1_129' title='bbox 872 1715 990 1792; x_wconf 82' lang='grc' dir='ltr'>ἐμοὶ,67</span> 
     </span>
     <span class='ocr_line' id='line_1_20' title="bbox 147 1801 944 1880; baseline 0 -18"><span class='ocrx_word' id='word_1_130' title='bbox 147 1802 273 1880; x_wconf 91' lang='grc' dir='ltr'>ε’μιμέετο</span> <span class='ocrx_word' id='word_1_131' title='bbox 292 1803 307 1862; x_wconf 82' lang='grc' dir='ltr'>ὁ</span> <span class='ocrx_word' id='word_1_132' title='bbox 328 1804 502 1879; x_wconf 88' lang='grc' dir='ltr'>Κλεισθένης</span> <span class='ocrx_word' id='word_1_133' title='bbox 524 1801 603 1867; x_wconf 82' lang='grc' dir='ltr'>οὗτος</span> <span class='ocrx_word' id='word_1_134' title='bbox 618 1803 667 1864; x_wconf 81' lang='grc' dir='ltr'>τάν</span> <span class='ocrx_word' id='word_1_135' title='bbox 687 1807 786 1862; x_wconf 79' lang='grc' dir='ltr'>ἑαυτοῦ</span> <span class='ocrx_word' id='word_1_136' title='bbox 801 1804 944 1880; x_wconf 83' lang='grc' dir='ltr'>μητροπό-</span> 
     </span>
     <span class='ocr_line' id='line_1_21' title="bbox 147 1890 964 1969; baseline 0 -19"><span class='ocrx_word' id='word_1_137' title='bbox 147 1917 223 1969; x_wconf 88' lang='grc' dir='ltr'>τορα,</span> <span class='ocrx_word' id='word_1_138' title='bbox 240 1893 415 1952; x_wconf 89' lang='grc' dir='ltr'>Κλεισθένεα</span> <span class='ocrx_word' id='word_1_139' title='bbox 429 1890 478 1950; x_wconf 81' lang='grc' dir='ltr'>τόν</span> <span class='ocrx_word' id='word_1_140' title='bbox 493 1893 630 1954; x_wconf 78' lang='grc' dir='ltr'>Σικυῶνος</span> <span class='ocrx_word' id='word_1_141' title='bbox 643 1891 785 1966; x_wconf 89' lang='grc' dir='ltr'>τύραννον·</span> <span class='ocrx_word' id='word_1_142' title='bbox 806 1892 944 1950; x_wconf 90' lang='grc' dir='ltr'>Κλεισθέ-</span> <span class='ocrx_word' id='word_1_143' title='bbox 963 1938 964 1942; x_wconf 65' lang='lat'>,</span> 
     </span>
     <span class='ocr_line' id='line_1_22' title="bbox 146 1977 944 2058; baseline -0.001 -21"><span class='ocrx_word' id='word_1_144' title='bbox 146 2003 194 2053; x_wconf 91' lang='grc' dir='ltr'>νης</span> <span class='ocrx_word' id='word_1_145' title='bbox 207 1979 262 2058; x_wconf 80' lang='grc' dir='ltr'>γάρ</span> <span class='ocrx_word' id='word_1_146' title='bbox 275 1977 431 2056; x_wconf 85' lang='grc' dir='ltr'>Ἀργείοισι</span> <span class='ocrx_word' id='word_1_147' title='bbox 444 1977 619 2052; x_wconf 86' lang='grc' dir='ltr'>πολεμήσας,</span> <span class='ocrx_word' id='word_1_148' title='bbox 635 1981 717 2035; x_wconf 86' lang='grc' dir='ltr'>τοῦτο</span> <span class='ocrx_word' id='word_1_149' title='bbox 738 1979 789 2052; x_wconf 79' lang='grc' dir='ltr'>μὲν</span> <span class='ocrx_word' id='word_1_150' title='bbox 802 1978 944 2056; x_wconf 79' lang='grc' dir='ltr'>ῥαψῳδούς</span> 
     </span>
     <span class='ocr_line' id='line_1_23' title="bbox 147 2062 946 2144; baseline 0.003 -23"><span class='ocrx_word' id='word_1_151' title='bbox 147 2065 252 2122; x_wconf 83' lang='grc' dir='ltr'>ἔπαυσε</span> <span class='ocrx_word' id='word_1_152' title='bbox 266 2063 295 2124; x_wconf 87' lang='grc' dir='ltr'>ἐν</span> <span class='ocrx_word' id='word_1_153' title='bbox 309 2066 426 2128; x_wconf 75' lang='grc' dir='ltr'>Σικυῶνι</span> <span class='ocrx_word' id='word_1_154' title='bbox 436 2062 619 2144; x_wconf 86' lang='grc' dir='ltr'>ἀγωνίζεσθαι</span> <span class='ocrx_word' id='word_1_155' title='bbox 628 2066 683 2122; x_wconf 79' lang='grc' dir='ltr'>τῶν</span> <span class='ocrx_word' id='word_1_156' title='bbox 695 2063 849 2140; x_wconf 88' lang='grc' dir='ltr'>Ὁμηρείων</span> <span class='ocrx_word' id='word_1_157' title='bbox 861 2063 946 2126; x_wconf 86' lang='grc' dir='ltr'>ἐπέων</span> 
     </span>
     <span class='ocr_line' id='line_1_24' title="bbox 147 2149 945 2233; baseline 0.005 -23"><span class='ocrx_word' id='word_1_158' title='bbox 147 2151 245 2222; x_wconf 81' lang='grc' dir='ltr'>εἵνεκα,</span> <span class='ocrx_word' id='word_1_159' title='bbox 260 2151 303 2211; x_wconf 83' lang='grc' dir='ltr'>ὅτι</span> <span class='ocrx_word' id='word_1_160' title='bbox 320 2149 446 2232; x_wconf 83' lang='grc' dir='ltr'>Ἀργεῖοί</span> <span class='ocrx_word' id='word_1_161' title='bbox 461 2177 491 2210; x_wconf 91' lang='grc' dir='ltr'>τε</span> <span class='ocrx_word' id='word_1_162' title='bbox 510 2152 557 2210; x_wconf 87' lang='grc' dir='ltr'>καὶ</span> <span class='ocrx_word' id='word_1_163' title='bbox 564 2149 671 2233; x_wconf 66' lang='grc' dir='ltr'>Ἀργος</span> <span class='ocrx_word' id='word_1_164' title='bbox 687 2153 724 2212; x_wconf 86' lang='grc' dir='ltr'>τά</span> <span class='ocrx_word' id='word_1_165' title='bbox 741 2150 838 2211; x_wconf 81' lang='grc' dir='ltr'>πολλά</span> <span class='ocrx_word' id='word_1_166' title='bbox 854 2152 945 2214; x_wconf 85' lang='grc' dir='ltr'>πάντα</span> 
     </span>
     <span class='ocr_line' id='line_1_25' title="bbox 146 2235 946 2323; baseline 0.005 -25"><span class='ocrx_word' id='word_1_167' title='bbox 146 2239 288 2316; x_wconf 83' lang='grc' dir='ltr'>ύμνέαται·</span> <span class='ocrx_word' id='word_1_168' title='bbox 309 2240 445 2310; x_wconf 82' lang='grc' dir='ltr'>τοῦτοδὲ,</span> <span class='ocrx_word' id='word_1_169' title='bbox 465 2239 554 2320; x_wconf 77' lang='grc' dir='ltr'>ἡρῷον</span> <span class='ocrx_word' id='word_1_170' title='bbox 572 2239 627 2320; x_wconf 86' lang='grc' dir='ltr'>γάρ</span> <span class='ocrx_word' id='word_1_171' title='bbox 642 2235 737 2316; x_wconf 76' lang='grc' dir='ltr'>ἦνκαὶ</span> <span class='ocrx_word' id='word_1_172' title='bbox 753 2241 814 2300; x_wconf 84' lang='grc' dir='ltr'>ἐστι</span> <span class='ocrx_word' id='word_1_173' title='bbox 833 2240 862 2302; x_wconf 82' lang='grc' dir='ltr'>ἐν</span> <span class='ocrx_word' id='word_1_174' title='bbox 875 2241 946 2323; x_wconf 77' lang='grc' dir='ltr'>αὐτῇ</span> 
     </span>
     <span class='ocr_line' id='line_1_26' title="bbox 145 2327 943 2410; baseline 0.004 -22"><span class='ocrx_word' id='word_1_175' title='bbox 145 2332 181 2406; x_wconf 80' lang='grc' dir='ltr'>τῇ</span> <span class='ocrx_word' id='word_1_176' title='bbox 201 2327 291 2410; x_wconf 80' lang='grc' dir='ltr'>ἀγορῇ</span> <span class='ocrx_word' id='word_1_177' title='bbox 311 2332 365 2389; x_wconf 82' lang='grc' dir='ltr'>τῶν</span> <span class='ocrx_word' id='word_1_178' title='bbox 387 2328 539 2393; x_wconf 77' lang='grc' dir='ltr'>Σικυωνίων</span> <span class='ocrx_word' id='word_1_179' title='bbox 566 2327 724 2407; x_wconf 82' lang='grc' dir='ltr'>Ἀδρήστου</span> <span class='ocrx_word' id='word_1_180' title='bbox 747 2331 798 2387; x_wconf 85' lang='grc' dir='ltr'>τοῦ</span> <span class='ocrx_word' id='word_1_181' title='bbox 820 2335 943 2402; x_wconf 79' lang='grc' dir='ltr'>Ταλαοῦ,</span> 
     </span>
     <span class='ocr_line' id='line_1_27' title="bbox 145 2416 943 2498; baseline 0.006 -23"><span class='ocrx_word' id='word_1_182' title='bbox 145 2421 244 2478; x_wconf 84' lang='grc' dir='ltr'>τοῦτον</span> <span class='ocrx_word' id='word_1_183' title='bbox 270 2417 429 2494; x_wconf 83' lang='grc' dir='ltr'>ἐπεθύμησε</span> <span class='ocrx_word' id='word_1_184' title='bbox 453 2417 469 2477; x_wconf 85' lang='grc' dir='ltr'>ὁ</span> <span class='ocrx_word' id='word_1_185' title='bbox 490 2417 674 2493; x_wconf 87' lang='grc' dir='ltr'>Κλεισθένης,</span> <span class='ocrx_word' id='word_1_186' title='bbox 701 2417 782 2477; x_wconf 88' lang='grc' dir='ltr'>ἐόντα</span> <span class='ocrx_word' id='word_1_187' title='bbox 807 2416 943 2498; x_wconf 86' lang='grc' dir='ltr'>Ἀργεῖον,</span> 
     </span>
     <span class='ocr_line' id='line_1_28' title="bbox 146 2505 945 2586; baseline 0.004 -24"><span class='ocrx_word' id='word_1_188' title='bbox 146 2508 280 2582; x_wconf 83' lang='grc' dir='ltr'>ἐκβαλεῖν</span> <span class='ocrx_word' id='word_1_189' title='bbox 294 2511 324 2564; x_wconf 90' lang='grc' dir='ltr'>ἐκ</span> <span class='ocrx_word' id='word_1_190' title='bbox 337 2509 388 2580; x_wconf 80' lang='grc' dir='ltr'>τῆς</span> <span class='ocrx_word' id='word_1_191' title='bbox 405 2505 505 2583; x_wconf 77' lang='grc' dir='ltr'>χώρης·</span> <span class='ocrx_word' id='word_1_192' title='bbox 521 2505 610 2566; x_wconf 80' lang='grc' dir='ltr'>ἐλθών</span> <span class='ocrx_word' id='word_1_193' title='bbox 624 2505 653 2564; x_wconf 88' lang='grc' dir='ltr'>δὲ</span> <span class='ocrx_word' id='word_1_194' title='bbox 668 2510 695 2568; x_wconf 87' lang='grc' dir='ltr'>ἐς</span> <span class='ocrx_word' id='word_1_195' title='bbox 709 2505 848 2581; x_wconf 83' lang='grc' dir='ltr'>Δελφούς,</span> <span class='ocrx_word' id='word_1_196' title='bbox 864 2511 945 2586; x_wconf 86' lang='grc' dir='ltr'>ἐχρη-</span> 
     </span>
     <span class='ocr_line' id='line_1_29' title="bbox 146 2591 944 2672; baseline 0.001 -19"><span class='ocrx_word' id='word_1_197' title='bbox 146 2593 310 2672; x_wconf 83' lang='grc' dir='ltr'>στηριάζετο</span> <span class='ocrx_word' id='word_1_198' title='bbox 322 2597 345 2652; x_wconf 83' lang='grc' dir='ltr'>εἶ</span> <span class='ocrx_word' id='word_1_199' title='bbox 356 2595 486 2672; x_wconf 80' lang='grc' dir='ltr'>ἐκβάλλῃ</span> <span class='ocrx_word' id='word_1_200' title='bbox 497 2591 730 2670; x_wconf 80' lang='grc' dir='ltr'>τδν”Αδρηστον;</span> <span class='ocrx_word' id='word_1_201' title='bbox 744 2592 763 2669; x_wconf 82' lang='grc' dir='ltr'><em>ἦ</em></span> <span class='ocrx_word' id='word_1_202' title='bbox 774 2593 803 2652; x_wconf 84' lang='grc' dir='ltr'>δέ</span> <span class='ocrx_word' id='word_1_203' title='bbox 814 2595 907 2669; x_wconf 91' lang='grc' dir='ltr'>Πυθίη</span> <span class='ocrx_word' id='word_1_204' title='bbox 918 2598 944 2654; x_wconf 83' lang='grc' dir='ltr'>οἱ</span> 
     </span>
     <span class='ocr_line' id='line_1_30' title="bbox 145 2681 943 2762; baseline -0.001 -21"><span class='ocrx_word' id='word_1_205' title='bbox 145 2685 202 2762; x_wconf 84' lang='grc' dir='ltr'>χρηῖ</span> <span class='ocrx_word' id='word_1_206' title='bbox 216 2687 307 2759; x_wconf 81' lang='grc' dir='ltr'>φᾶσα,</span> <span class='ocrx_word' id='word_1_207' title='bbox 315 2681 483 2758; x_wconf 72' lang='grc' dir='ltr'>’Ἄδρηστον</span> <span class='ocrx_word' id='word_1_208' title='bbox 490 2683 542 2759; x_wconf 79' lang='grc' dir='ltr'>μὲν</span> <span class='ocrx_word' id='word_1_209' title='bbox 556 2681 625 2741; x_wconf 79' lang='grc' dir='ltr'>εἶναι</span> <span class='ocrx_word' id='word_1_210' title='bbox 639 2681 792 2745; x_wconf 88' lang='grc' dir='ltr'>Σικυωνίων</span> <span class='ocrx_word' id='word_1_211' title='bbox 808 2683 943 2758; x_wconf 88' lang='grc' dir='ltr'>βασιλέα,</span> 
     </span>
     <span class='ocr_line' id='line_1_31' title="bbox 147 2768 946 2850; baseline 0.003 -24"><span class='ocrx_word' id='word_1_212' title='bbox 147 2773 249 2829; x_wconf 85' lang='grc' dir='ltr'>ἐκεῖνον</span> <span class='ocrx_word' id='word_1_213' title='bbox 269 2771 299 2829; x_wconf 86' lang='grc' dir='ltr'>δὲ</span> <span class='ocrx_word' id='word_1_214' title='bbox 319 2773 472 2847; x_wconf 78' lang='grc' dir='ltr'>λευστῆρα.</span> <span class='ocrx_word' id='word_1_215' title='bbox 514 2769 574 2828; x_wconf 88' lang='grc' dir='ltr'>ἐπεὶ</span> <span class='ocrx_word' id='word_1_216' title='bbox 594 2769 624 2828; x_wconf 83' lang='grc' dir='ltr'>δέ</span> <span class='ocrx_word' id='word_1_217' title='bbox 644 2768 660 2828; x_wconf 85' lang='grc' dir='ltr'>ὁ</span> <span class='ocrx_word' id='word_1_218' title='bbox 681 2769 743 2832; x_wconf 82' lang='grc' dir='ltr'>θεός</span> <span class='ocrx_word' id='word_1_219' title='bbox 762 2770 846 2830; x_wconf 85' lang='grc' dir='ltr'>τοῦτό</span> <span class='ocrx_word' id='word_1_220' title='bbox 861 2795 894 2850; x_wconf 91' lang='grc' dir='ltr'>γε</span> <span class='ocrx_word' id='word_1_221' title='bbox 913 2769 946 2829; x_wconf 88' lang='grc' dir='ltr'>ού</span> 
     </span>
     <span class='ocr_line' id='line_1_32' title="bbox 146 2856 945 2936; baseline 0.003 -22"><span class='ocrx_word' id='word_1_222' title='bbox 146 2856 304 2932; x_wconf 86' lang='grc' dir='ltr'>παρεδίδου,</span> <span class='ocrx_word' id='word_1_223' title='bbox 326 2857 456 2918; x_wconf 68' lang='grc' dir='ltr'>ἀπελθών</span> <span class='ocrx_word' id='word_1_224' title='bbox 477 2857 569 2917; x_wconf 84' lang='grc' dir='ltr'>ὀπίσω</span> <span class='ocrx_word' id='word_1_225' title='bbox 590 2856 734 2934; x_wconf 87' lang='grc' dir='ltr'>ἐφρόντιζε</span> <span class='ocrx_word' id='word_1_226' title='bbox 755 2857 886 2936; x_wconf 79' lang='grc' dir='ltr'>μηχανήν</span> <span class='ocrx_word' id='word_1_227' title='bbox 908 2859 945 2934; x_wconf 77' lang='grc' dir='ltr'>τῇ</span> 
     </span>
     <span class='ocr_line' id='line_1_33' title="bbox 147 2942 946 3020; baseline -0.005 -18"><span class='ocrx_word' id='word_1_228' title='bbox 147 2943 233 3007; x_wconf 80' lang='grc' dir='ltr'>αύτάς</span> <span class='ocrx_word' id='word_1_229' title='bbox 246 2942 428 3020; x_wconf 80' lang='grc' dir='ltr'>δ”Αδρηστος</span> <span class='ocrx_word' id='word_1_230' title='bbox 439 2945 642 3014; x_wconf 84' lang='grc' dir='ltr'>ἀπαλλάξεται·</span> <span class='ocrx_word' id='word_1_231' title='bbox 657 2944 692 3006; x_wconf 82' lang='grc' dir='ltr'>ὦς</span> <span class='ocrx_word' id='word_1_232' title='bbox 702 2945 733 3002; x_wconf 89' lang='grc' dir='ltr'>δέ</span> <span class='ocrx_word' id='word_1_233' title='bbox 742 2947 769 3003; x_wconf 84' lang='grc' dir='ltr'>οἱ</span> <span class='ocrx_word' id='word_1_234' title='bbox 780 2943 946 3018; x_wconf 81' lang='grc' dir='ltr'>ἐξευρῆσθαι</span> 
     </span>
     <span class='ocr_line' id='line_1_34' title="bbox 142 3027 946 3116; baseline -0.009 -23"><span class='ocrx_word' id='word_1_235' title='bbox 142 3032 246 3116; x_wconf 80' lang='grc' dir='ltr'>ἐδόκεε,</span> <span class='ocrx_word' id='word_1_236' title='bbox 263 3034 376 3109; x_wconf 80' lang='grc' dir='ltr'>πέμψας</span> <span class='ocrx_word' id='word_1_237' title='bbox 396 3037 423 3094; x_wconf 90' lang='grc' dir='ltr'>ἐς</span> <span class='ocrx_word' id='word_1_238' title='bbox 443 3033 542 3109; x_wconf 81' lang='grc' dir='ltr'>Θήβας</span> <span class='ocrx_word' id='word_1_239' title='bbox 560 3031 611 3094; x_wconf 82' lang='grc' dir='ltr'>τάς</span> <span class='ocrx_word' id='word_1_240' title='bbox 628 3032 762 3092; x_wconf 90' lang='grc' dir='ltr'>Βοιωτίας</span> <span class='ocrx_word' id='word_1_241' title='bbox 780 3030 835 3102; x_wconf 83' lang='grc' dir='ltr'>ἔφη</span> <span class='ocrx_word' id='word_1_242' title='bbox 855 3027 946 3082; x_wconf 77' lang='grc' dir='ltr'>θέλειν</span> 
     </span>
     <span class='ocr_line' id='line_1_35' title="bbox 147 3110 945 3212; baseline -0.021 -30"><span class='ocrx_word' id='word_1_243' title='bbox 147 3121 342 3204; x_wconf 86' lang='grc' dir='ltr'>ἐπαγαγέσθαι</span> <span class='ocrx_word' id='word_1_244' title='bbox 361 3119 548 3180; x_wconf 83' lang='grc' dir='ltr'>Μελάνιππον</span> <span class='ocrx_word' id='word_1_245' title='bbox 564 3120 614 3180; x_wconf 81' lang='grc' dir='ltr'>τόν</span> <span class='ocrx_word' id='word_1_246' title='bbox 630 3117 782 3176; x_wconf 85' lang='grc' dir='ltr'>Ἀστακοῦ·</span> <span class='ocrx_word' id='word_1_247' title='bbox 803 3115 830 3168; x_wconf 81' lang='grc' dir='ltr'>οἱ</span> <span class='ocrx_word' id='word_1_248' title='bbox 843 3110 872 3166; x_wconf 85' lang='grc' dir='ltr'>δὲ</span> <span class='ocrx_word' id='word_1_249' title='bbox 890 3114 945 3212; x_wconf 81' lang='grc' dir='ltr'>Θη-</span> 
     </span>
     <span class='ocr_line' id='line_1_36' title="bbox 145 3194 947 3289; baseline -0.022 -18"><span class='ocrx_word' id='word_1_250' title='bbox 145 3212 227 3286; x_wconf 85' lang='grc' dir='ltr'>βαῖοι</span> <span class='ocrx_word' id='word_1_251' title='bbox 248 3211 360 3278; x_wconf 84' lang='grc' dir='ltr'>ἐδοσαν·</span> <span class='ocrx_word' id='word_1_252' title='bbox 388 3207 597 3289; x_wconf 87' lang='grc' dir='ltr'>ἐπαγαγόμενος</span> <span class='ocrx_word' id='word_1_253' title='bbox 617 3205 647 3263; x_wconf 79' lang='grc' dir='ltr'>δὲ</span> <span class='ocrx_word' id='word_1_254' title='bbox 667 3202 683 3262; x_wconf 81' lang='lat' dir='ltr'>o‘</span> <span class='ocrx_word' id='word_1_255' title='bbox 704 3194 878 3267; x_wconf 88' lang='grc' dir='ltr'>Κλεισθένης</span> <span class='ocrx_word' id='word_1_256' title='bbox 897 3216 947 3250; x_wconf 81' lang='grc' dir='ltr'>τον</span> 
     </span>
     <span class='ocr_line' id='line_1_37' title="bbox 146 3281 947 3372; baseline -0.007 -14"><span class='ocrx_word' id='word_1_257' title='bbox 146 3299 343 3366; x_wconf 82' lang='grc' dir='ltr'>Μελάνιππον,</span> <span class='ocrx_word' id='word_1_258' title='bbox 364 3293 477 3372; x_wconf 82' lang='grc' dir='ltr'>τέμενός</span> <span class='ocrx_word' id='word_1_259' title='bbox 497 3297 524 3353; x_wconf 86' lang='grc' dir='ltr'>οἱ</span> <span class='ocrx_word' id='word_1_260' title='bbox 543 3290 659 3358; x_wconf 84' lang='grc' dir='ltr'>ἀπέδεξε</span> <span class='ocrx_word' id='word_1_261' title='bbox 680 3292 709 3344; x_wconf 86' lang='grc' dir='ltr'>ἐν</span> <span class='ocrx_word' id='word_1_262' title='bbox 730 3281 803 3351; x_wconf 77' lang='grc' dir='ltr'>αύτῷ</span> <span class='ocrx_word' id='word_1_263' title='bbox 822 3281 860 3350; x_wconf 67' lang='grc' dir='ltr'>Τῷ</span> <span class='ocrx_word' id='word_1_264' title='bbox 879 3303 947 3350; x_wconf 67' lang='grc' dir='ltr'>πρυ·</span> 
     </span>
    </p>
   </div>
   <div class='ocr_carea' id='block_1_2' title="bbox 0 0 1108 3430">
    <p class='ocr_par' dir='ltr' id='par_1_2' title="bbox 0 0 1108 3430">
     <span class='ocr_line' id='line_1_38' title="bbox 0 0 1108 3430; baseline 0 0"><span class='ocrx_word' id='word_1_265' title='bbox 0 0 1108 3430; x_wconf 95' lang='lat' dir='ltr'> </span> 
     </span>
    </p>
   </div>
  </div>
 </body>
</html>
