2280 3432
162 89 273 154 85—89]
485 88 640 138 ουνιυιι.
681 126 683 130 ,
916 91 963 136 253

164 168 211 226 καὶ
234 167 377 244 συνήνεικε
399 167 556 246 ποιησάσῃ·
591 167 742 246 διωκομένη
762 165 818 248 γάρ
838 165 893 226 ῦπό
914 169 965 242 τῆς

164 253 300 330 Ἀττικῆς,
328 257 455 333 φέρουσα
483 257 603 332 ἐνέβαλε
630 256 675 332 νηῗ
696 255 788 333 φιλίῃ,
809 253 914 330 άνδρῦν
933 278 965 313 τε

166 343 333 403 Καλυνδέων
354 343 400 402 καὶ
420 342 505 403 αὐτοῦ
526 343 708 406 ἐπιπλέοντος
727 346 777 402 τοῦ
797 342 966 402 Καλυνδέων

165 431 304 506 βασιλέος
325 429 541 509 Δαμασιθύμου·
563 435 587 490 εἶ
606 433 658 508 μέν
678 431 726 489 καί
741 455 769 489 τι
788 433 876 493 νεῖκος
894 429 965 507 πρδς

166 517 250 580 αῦτδν
274 518 399 600 ἐγεγόνεε
421 522 461 579 ἔτι
481 520 544 596 περὶ
565 517 782 594 Ἑλλήσποντον
803 517 909 588 ἐόντων,
933 517 985 592 ούγ

164 607 260 683 μέντοι
287 607 372 686 ἔγωγε
400 606 453 685 έχω
481 610 575 676 εἰπεῖν,
600 607 655 666 εἶτε
681 610 711 665 ἐκ
738 607 869 684 προνοίης
896 605 967 666 αύτά

166 693 299 768 ἐποίησε,
312 693 376 766 ε’ίτεΙ
394 692 566 771 συνεκύρησε
592 693 611 769 ή
631 697 687 753 τῶν
708 694 875 754 Καλυνδέων
895 692 965 754 κατά

109 785 112 794 ’
165 777 254 858 τύχην
275 783 482 856 παραπεσοῦσα
505 785 579 856 νηῦς·
614 780 649 843 ῦς
672 781 701 839 δέ
725 782 844 856 ἐνέβαλέ
864 807 896 840 τε
920 783 966 840 καὶ

166 866 308 941 κατέδυσε,
330 865 442 946 εῦτυχίῃ
460 868 633 947 χρησαμένη,
651 867 738 925 διπλᾶ
754 867 856 943 ἑωυτήν
874 868 965 948 οἷγαθά

167 954 317 1033 ἐργάσατο·
339 954 355 1014 ὅ
375 979 406 1014 τε
426 954 482 1035 γάρ
502 958 558 1030 τῆςΙ
566 953 696 1028 Ἀττικῆς
715 954 780 1030 νηῦς
799 954 965 1033 τριήραρχος

168 1041 203 1104 ὥς
229 1040 284 1100 εἶδέ
308 1067 358 1118 μιν
380 1041 585 1120 ἐμβάλλουσαν
608 1043 653 1118 νηῒ
676 1040 781 1118 άνδριῦν
800 1041 965 1118 βαρβάρων,

167 1129 286 1204 νομίσας
297 1129 350 1205 τήν
363 1133 417 1206 νῆα
429 1129 481 1206 τήν
493 1129 673 1208 Ἀρτεμισίης
687 1128 706 1206 ἢ
719 1129 872 1205 Ἑλληνίδα
888 1129 965 1200 εἶναι,

166 1212 185 1290 ἢ
204 1215 385 1294 αὐτομολέειν
403 1223 433 1278 ἐκ
452 1221 507 1280 τιῦν
522 1217 679 1296 βαρβάρων
700 1218 746 1276 καὶ
766 1217 877 1276 αὐτοῖσι
897 1215 966 1293 άμύ-

167 1327 231 1372 νειν,
246 1302 427 1383 ἀποστρέψας
439 1304 509 1381 πρός
523 1303 614 1368 άλλας
627 1304 771 1382 ἐτράπετο.
810 1309 900 1363 Τοῦτο
912 1307 964 1382 μὲν
975 1308 1013 1364 88

166 1394 277 1450 τοιοῦτο
295 1390 365 1470 αὐτῇ
384 1392 526 1469 συνήνεικε
544 1393 683 1474 γενέσθαι,
700 1392 859 1473 διαφυγέειν
873 1417 904 1452 τε
921 1394 967 1452 καὶ

93 1537 97 1548 ,
166 1477 207 1561 μή
226 1477 395 1552 ἀπολέσθω·
409 1485 491 1542 τοῦτο
510 1481 547 1551 δέ,
568 1477 676 1558 συνέβη
690 1477 762 1540 ὥστε
782 1479 867 1540 κακόν
886 1484 965 1562 ἐργα-

167 1567 301 1643 σαμένην,
326 1567 382 1630 άπὸ
401 1568 505 1631 τούτων
526 1567 614 1645 αύτήν
633 1568 761 1646 μάλιστα
782 1568 964 1646 εὐδοκιμῆσαι

166 1655 243 1733 παραὶ
256 1656 356 1736 Ξέρξη·
371 1658 485 1740 λέγεται
497 1656 552 1740 γὰρ
565 1658 693 1734 βασιλέα
706 1657 856 1735 θηεύμενον
868 1659 968 1733 μαθεῖν

166 1741 219 1817 τήν
232 1747 285 1819 ιῇα
299 1747 494 1822 ἐμβαλοῦσαν·
513 1746 560 1804 καὶ
573 1745 608 1822 δή
620 1771 682 1805 τινα
696 1744 771 1805 εἶπαι
783 1749 838 1805 τεῦν
850 1743 966 1820 παρεόν-

166 1854 230 1888 των·
252 1840 269 1866 “
278 1831 410 1904 δέσποτα,
425 1832 492 1910 ὁρᾷς
504 1833 694 1908 Ἀρτεμισίην,
708 1831 743 1894 (ῦς
762 1831 791 1890 εὖ
808 1831 967 1911 ἀγωνίζεται

168 1915 214 1973 καὶ
224 1920 278 1990 νῆα
287 1922 342 1978 τῶν
352 1918 494 1994 πολεμίων
504 1919 638 1992 κατέδυσε
643 1917 667 1986 ;”
684 1919 730 1975 καὶ
738 1917 788 1977 τόν
799 1919 966 1992 ἐπείρεσθαι,

169 2006 193 2060 εἷ
214 2001 339 2077 α’ληθέως
361 2003 422 2064 ἐστὶ
445 2002 643 2114 Ἀρτεμισίης
646 2002 679 2061 τῦ
704 2003 802 2113 έργον;
834 2003 880 2060 καὶ
902 2005 967 2069 τοῦς

169 2087 256 2164 φάναι
269 2089 428 2166 σαφέως
396 2116 429 2150 το
449 2090 588 2196 ἐπίσημον
607 2093 658 2165 τῆς
673 2089 739 2202 νηῦς
757 2090 966 2166 ἐπισταμένους·

167 2176 219 2253 τήν
237 2176 267 2236 δέ
283 2176 523 2290 διαφθαρεῖσαν’
504 2178 659 2254 ηπιοτέατο
678 2176 747 2237 εἶναι
763 2178 912 2254 πολεμίην
932 2179 968 2238 τά

167 2291 198 2326 τε
211 2265 266 2348 γάρ
280 2266 401 2341 ἄλλα,
380 2293 416 2330 ως
429 2267 543 2378 εἴρηται,
559 2265 630 2344 αὐτῇ
644 2264 787 2342 συνήνεικε
800 2270 827 2330 ἐς
841 2264 968 2345 εύτυχίην

167 2355 311 2434 γενόμενα,
323 2356 369 2416 καὶ
381 2355 415 2416 τό
429 2359 484 2415 τῶν
494 2359 525 2413 ἐκ
537 2358 588 2430 τῆς
597 2352 834 2429 Καλυνδικῆς
784 2379 849 2430 νηος
862 2354 968 2431 μηδένα

168 2441 351 2504 ἀποσωθέντα
370 2442 526 2524 κατήγορον
545 2443 686 2523 γενέσθαι·
720 2441 827 2519 Ξέρξην
845 2441 875 2500 δὲ
894 2442 969 2502 εἶπαι

168 2529 281 2609 λέγεται
299 2531 370 2609 πρδς
386 2531 423 2591 τά
442 2529 613 2608 φραζόμενα·
638 2533 692 2588 “oi
707 2532 759 2607 μέν
776 2528 872 2606 ἄνδρες
886 2530 967 2611 γεγό-

169 2617 239 2674 νασί
250 2642 300 2694 μοι
319 2623 455 2700 γυναῖκες·
476 2623 505 2678 αἱ
526 2619 555 2678 δὲ
575 2621 701 2700 γυναῖκες
721 2615 840 2695 ἅνδρες.”
880 2621 969 2678 ταῦτα

168 2704 221 2778 μὲν
234 2705 340 2782 Ξέρξην
353 2708 427 2781 φασὶ
441 2705 522 2766 εἶπαι.

208 2787 258 2850 Ἐν
272 2791 301 2850 δὲ
313 2797 352 2871 τῷ
364 2791 439 2874 πόνῳ
451 2794 540 2874 τούτῳ
552 2793 609 2854 οἷπδ
622 2795 674 2871 μέν
687 2794 767 2854 ἐθανε
779 2791 795 2853 ὅ
810 2793 968 2874 στρατηγός
977 2792 1014 2852 89

168 2875 352 2960 Ἀριαβίγνης
370 2879 386 2939 ό
405 2882 531 2957 Δαρείου,
553 2882 661 2958 Ξέρξεω
677 2881 728 2940 ἐιῦν
743 2880 889 2956 ἀδελφεός,
910 2879 967 2940 αἷπδ

187 2967 200 3024 ἐ
226 2964 312 3026 ἄλλοι
338 2969 447 3027 πολλοί
463 2993 495 3028 τε
515 2969 561 3028 καὶ
587 2967 741 3045 ὀνομαστοὶ
761 2968 896 3044 Περσέων
923 2969 970 3026 καὶ

170 3052 283 3162 Μήδων,
306 3055 352 3114 καὶ
369 3059 424 3116 τῶν
439 3055 535 3116 ἄλλων
553 3055 718 3134 συμμάχων·
742 3053 836 3135 ὀλίγοι
852 3054 883 3114 δέ
899 3079 970 3120 τινες

170 3142 216 3200 καὶ
228 3141 423 3219 Ελλήνων·
405 3169 454 3203 ατε
472 3142 527 3254 γάρ
548 3144 618 3204 νέειν
639 3142 827 3219 ἐπιστάμενοι,
843 3145 920 3202 τοῖσι
940 3147 981 3204 αἱ·

170 3230 450 3357 νηῐες-διεφθείροντο,
467 3231 514 3290 καὶ
528 3230 568 3308 μή
585 3236 615 3291 ἐν
628 3234 729 3311 χειρῦν
749 3228 843 3312 νόμῳ
844 3229 968 3292 ἀπολλύ-
