2294 3430
192 104 233 169 ιο]
501 93 687 152 nomm
937 107 983 154 ιιι

189 186 235 244 καὶ
258 183 493 261 σταθμώσασθαι,
516 187 540 242 εἶ
560 182 696 262 στρατιήν
716 209 750 265 γε
771 184 912 260 τοσαύτην
932 185 986 246 σύν

190 272 261 332 Δάτι
276 273 321 331 καὶ
333 272 516 350 Ἀρταφέρνεϊ
530 273 671 332 ἐλθοῦσαν
684 276 712 335 ἐς
724 272 776 347 τήν
788 271 918 348 Ἀττικήν
930 273 985 352 χά-

188 387 240 438 ρην
252 364 350 437 μοῦνοι
363 360 506 435 Ἀθηναῖοι
520 360 688 437 διέφθειραν.
725 359 773 420 ούκ
788 360 825 420 ὧν
838 360 992 441 ἀμφοτέρῃ·

189 455 245 524 σφι
267 447 401 527 ἐχώρησε·
423 447 488 505 ἀλλ’
508 446 543 524 ἢν
563 452 631 526 τῇσι
656 448 738 523 νηυσὶ
760 447 919 524 ἐμβάλωσι,
941 451 987 509 καὶ

189 535 350 612 νοσήσαντες
367 535 507 614 ναυμαχίῃ
527 536 636 594 πλέωσι
658 540 686 597 ἐς
705 535 755 595 τὸν
772 534 988 611 Ἑλλήσποντον

189 625 236 682 καὶ
249 624 343 682 ἔπειτα
356 622 467 681 λύσωσι
480 622 532 698 τήν
550 624 683 704 γέφυραν,
698 626 781 682 τοῦτο
797 622 840 697 δή,
854 625 987 698 βασιλεῦ,

188 711 294 792 γίνεται
314 710 412 771 δεινόν.
454 709 508 790 ἐγιδ
522 711 552 769 δὲ
567 710 681 789 οὐδεμιῇ
695 711 786 790 σοφίῃ
800 711 890 788 οἰκηίῃ
906 710 988 774 αύτδς

188 803 276 858 ταῦτα
298 797 514 875 συμβάλλομαι,
536 798 601 856 ἀλλ’
619 797 677 857 οἶόν
699 823 762 857 κοτε
781 797 868 874 ήμέας
888 797 987 879 ὀλίγον

190 885 286 961 ἐδέησε
310 887 483 961 καταλαβεῖν
506 885 604 955 πάθος,
629 883 675 944 ὅτε
701 883 793 960 πατήρ
818 885 870 947 σὸς
893 885 988 956 ζεύξας

190 971 340 1050 Βόσπορον
366 973 416 1033 τὸν
441 973 578 1050 Θρηίκιον,
607 971 774 1053 γεφυρώσας
804 972 833 1029 δέ
861 971 988 1049 ποταμόν

185 1057 300 1138 Ἴστρον
321 1061 403 1137 διέβη
423 1061 468 1120 ἐπὶ
488 1060 604 1131 Σκύθας,
626 1057 690 1120 τότε
712 1062 838 1120 παντοῖοι
860 1061 986 1140 ἐγένοντο

190 1145 295 1211 Σκύθαι
316 1148 440 1226 δεόμενοι
452 1147 550 1208 Ἰάνων
564 1153 651 1208 λῦσαι
664 1147 714 1207 τὸν
726 1145 822 1224 πόρον,
836 1151 913 1206 τοῖσι
931 1152 987 1208 ἐπι-

189 1237 326 1313 τέτραπτο
339 1237 358 1314 ή
372 1238 487 1313 φυλακή
500 1242 555 1296 τῶν
567 1237 710 1318 γεφυρέων
729 1239 780 1295 τοῦ
795 1234 920 1311 Ἴστρου·
942 1236 987 1294 καὶ

190 1321 253 1382 τότε
275 1351 308 1405 γε
325 1325 457 1388 Ἱστιαῖος
475 1324 491 1383 ὁ
510 1322 641 1400 Μιλήτου
660 1323 792 1401 τύραννος
806 1327 830 1382 εἷ
849 1323 987 1383 ἐπέσπετο

189 1415 244 1470 τῶν
257 1411 352 1472 ἄλλων
364 1412 503 1490 τυράννων
517 1415 553 1490 τῇ
565 1413 670 1493 γνώμῃ,
683 1411 754 1488 μηδὲ
773 1410 901 1486 ἠντιώθη,
916 1411 986 1488 διέρ-

189 1525 281 1578 γαστο
297 1498 332 1560 ἀν
351 1500 386 1561 τά
400 1502 534 1578 Περσέων
554 1499 715 1581 πρήγματα·
737 1499 826 1559 καίτοι
845 1500 891 1557 καὶ
911 1499 986 1580 λόγῳ

191 1586 309 1647 οἰκοῦσαι
330 1587 426 1659 δεινδν,
442 1587 485 1648 ἐπ’
498 1587 580 1664 ἀνδρί
589 1613 622 1668 γε
637 1589 675 1648 ἐνὶ
688 1586 780 1646 πάντα
797 1587 833 1647 τά
848 1587 985 1663 βασιλέος

190 1675 341 1756 πρήγματα
360 1677 538 1758 γεγενῆσθαι.
581 1675 618 1734 σύ
631 1675 669 1734 ὧν
681 1674 721 1752 μή
735 1674 842 1751 βούλευ
859 1680 887 1738 ἐς
901 1675 985 1734 κίνδυ-

190 1787 238 1821 νον
258 1764 363 1839 μηδένα
382 1769 508 1824 τοιοῦτον
529 1763 688 1832 ἀπικέσθαι,
709 1762 845 1838 μηδεμιῆς
865 1761 986 1842 ἀνάγκης

191 1849 302 1926 ἐούσης·
324 1850 390 1908 ἀλλ’
410 1852 474 1926 ἐμοὶ
494 1851 602 1908 πείθευ·
622 1853 672 1908 νῦν
694 1851 746 1925 μέν
769 1848 819 1908 τάν
842 1846 986 1929 σύλλογον

189 1936 268 1995 τόνδε
281 1937 424 1995 διάλυσον·
445 1936 521 1998 αὖτίς
533 1961 572 2006 τε,
586 1935 654 1994 ἐνταν
665 1959 709 1994 τοι
722 1935 811 2011 δοκέῃ,
826 1936 986 2011 προσκεψά-

188 2047 272 2096 μενος
290 2023 336 2080 ἐπὶ
352 2025 483 2090 σεωυτοῦ,
499 2020 671 2101 προαγόρευε
690 2019 726 2080 τά
743 2045 788 2080 τοι
808 2020 896 2078 δοκέει
917 2021 985 2083 εἶναι

189 2107 305 2184 ἄριστα·
332 2107 365 2168 τὸ
388 2108 443 2188 γάρ
467 2107 496 2166 εὗ
519 2107 709 2183 βουλεύεσθαι
733 2107 828 2183 κέρδος
850 2107 985 2188 μέγιστον

189 2193 308 2271 εύρίσκω
323 2193 379 2256 ἐόν·
400 2199 424 2255 εἰ
439 2195 494 2275 γάρ
515 2196 561 2253 καὶ
582 2195 779 2270 ἐναντιωθῆναί
795 2221 823 2255 τι
839 2195 923 2264 θέλει,
936 2197 985 2271 βε-

187 2282 341 2359 βούλευται
356 2285 408 2361 μ’ἐν
428 2283 506 2343 οὐδὲν
525 2280 620 2358 ἧσσον
636 2280 674 2353 εύ,
689 2282 811 2341 ἕσσωται
825 2283 855 2342 δὲ
868 2281 923 2342 ύπδ
936 2287 985 2360 τῆς

187 2369 273 2449 τύχης
292 2371 325 2432 τά
346 2371 503 2448 βούλευμα·
523 2369 540 2430 ὁ
559 2371 589 2430 δὲ
606 2369 835 2447 βουλευσάμενος
853 2375 985 2449 αἰσχρῶς,

189 2459 214 2515 εἶ
230 2462 257 2516 οἱ
277 2459 296 2534 ή
313 2459 385 2539 τύχη
407 2459 562 2528 ἐπίσποιτο,
584 2457 691 2536 εὕρημα
713 2457 819 2534 εὕρηκε·
840 2456 935 2534 ἧσσον
956 2459 986 2518 δὲ

188 2544 266 2604 οὐδέν
285 2549 311 2605 οἱ
329 2550 417 2610 κακῶς
434 2545 634 2623 βεβούλευται.
676 2545 743 2625 ὁρᾷς
762 2545 798 2605 τά
813 2546 987 2625 ὑπερέχοντα

188 2632 244 2701 ζῶα
263 2632 297 2696 ὦς
315 2634 470 2712 κεραυνοῖὅ
484 2635 546 2698 θεός
565 2634 628 2694 ούδέ
645 2638 678 2714 ἐᾷ
696 2634 987 2709 φαντάζεσθαι,τάδέ

188 2720 294 2794 σμικρά
307 2720 385 2781 οὐδέν
397 2748 446 2798 μιν
459 2723 559 2793 κνίζει,
580 2721 647 2801 άρᾷς
660 2722 690 2780 δὲ
704 2721 739 2784 οἷς
753 2727 780 2786 ἐς
794 2721 931 2798 οἰκήματα
948 2721 985 2782 τά

186 2805 309 2884 μέγιστα
321 2809 374 2866 αἰεὶ
387 2809 433 2868 καὶ
446 2809 557 2885 δένδρεα
576 2808 613 2868 τά
627 2812 741 2868 τοιαῦτα
760 2808 936 2884 ἀποσκήπτει
949 2808 985 2868 τά

186 2893 294 2968 βέλεα;
319 2896 413 2970 φιλέει
434 2896 488 2976 γάρ
511 2894 528 2956 ἀ
553 2896 616 2958 θεάς
638 2896 674 2955 τά
696 2895 867 2974 ύπερέχοντα
889 2895 982 2955 πάντα

187 2980 322 3040 κολούειν.
363 2982 433 3042 οὕτω
447 2983 480 3058 δή
495 2984 541 3041 καὶ
554 2983 675 3060 στρατὸς
694 2983 803 3044 πολλός
816 2983 870 3041 ύπὸ
884 2982 983 3061 ὀλίγου

186 3067 375 3146 διαφθείρεται
388 3069 458 3127 κατά
469 3069 584 3129 τοιόνδε·
606 3069 757 3150 ἐπεάνσφι
771 3069 787 3128 ὁ
801 3067 862 3128 θεάς
876 3067 980 3143 φθονή-

185 3181 240 3218 σας
258 3155 354 3233 φόβον
374 3154 497 3234 ἐμβάλῃ,
517 3154 536 3231 ἢ
556 3156 689 3234 βροντήν,
708 3155 742 3214 δι’
759 3154 797 3214 ὧν
817 3151 983 3230 ἐφθάρησαν

185 3241 301 3312 ἀναξίως
322 3247 437 3303 ἑωυτῶν·
458 3242 490 3302 ού
510 3242 567 3321 γάρ
588 3247 623 3319 ἐᾷ
644 3243 772 3319 φρονέειν
791 3240 865 3316 μέγα
885 3239 901 3298 ὁ
921 3241 984 3304 θεὸς
