2204 3430
140 103 282 168 104-107]
440 105 644 154 ΤΕΡΨῙΧΟΡΗ.
915 103 956 152 5Υ

139 186 322 264 προκειμένου
335 189 408 269 αὐτῷ
421 194 449 252 ἐς
458 188 518 264 τρὶς
528 186 663 246 ἑκάστοτε
674 189 770 246 εἰπεῖν·
784 193 802 221 “
810 184 944 256 δέσποτα,

138 275 243 351 μέμνεο
262 280 317 337 τῶν
333 274 513 354 Ἀθηναίων.”
529 274 699 350 Προστάξας
713 274 851 344 δὲταῦτα,
867 274 926 332 εἶπε
938 275 994 334 106

140 365 266 428 καλέσας
293 371 320 429 ἐς
348 365 413 444 ὄψιν
433 365 568 425 Ἱστιαῖον
588 361 638 423 τόν
665 366 820 438 Μιλήσιον,
843 361 904 443 [τόν
931 361 947 421 ό
1021 433 1026 444 ⁵

140 457 259 528 Δαρεῖος
278 457 389 533 κατεῖχε
401 452 506 532 χρόνον
518 451 572 527 ἤδη
585 449 717 532 πολλόν]
737 460 754 486 “
763 449 946 527 πυνθάνομαι,

139 538 263 611 Ἱστιαῖε,
273 543 424 620 ἐπίτροπον
433 540 483 601 τόν
493 538 548 599 σόν
557 542 596 618 τῷ
605 538 643 598 σι)
653 539 786 615 Μίλητον
794 539 947 616 ἐπέτρεψας

140 627 259 706 νεώτερα
277 635 305 693 ἔς
321 633 369 708 ἐμὲ
384 629 565 705 πεποιηκέναι
585 626 748 709 πρήγματα·
773 625 874 704 ἄνδρας
891 626 947 708 γάρ

139 741 189 792 μοι
203 721 233 776 ἐκ
246 721 297 793 τῆς
311 717 405 796 ἑτέρης
420 717 537 794 ἠπείρου
552 714 710 796 ἐπαγωγῶν,
725 716 771 774 καὶ
778 713 878 778 Ἴωνας
893 714 947 774 σόν

140 802 367 874 αότοῖσι,-τοδς
377 806 518 867 δώσοντας
532 805 594 878 ἐμοὶ
608 803 687 879 δίκην
695 807 751 862 τῶν
761 804 946 879 ἐποίησαν,-

139 890 256 954 τοότους
264 891 426 972 ἀναγνώσας
434 891 493 968 ἅμα
504 892 633 949 ἐκείνοισι
644 891 770 960 ἔπεσθαι,
780 893 904 968 Σαρδίων
910 918 946 968 με

140 977 325 1055 α’πεστέρηκε·
358 983 406 1039 νῦν
423 979 460 1038 ῶν
483 982 535 1039 κῶς
554 1001 598 1035 τοι
618 977 746 1050 φαίνεται
767 982 855 1037 ταῦτα
875 981 948 1058 ἔχειν

141 1069 247 1135 καλῶς;
270 1070 323 1130 κῶς
336 1065 359 1125 δ’
373 1065 437 1126 άνευ
450 1070 505 1126 τῶν
525 1068 585 1124 σῶν
595 1099 600 1114 ·
604 1063 807 1141 βουλευμάτων
821 1066 947 1127 τοιοῦτόν

140 1178 170 1212 τι
194 1153 332 1231 ἐπρήχθη;
358 1153 410 1232 ὅρα
430 1152 471 1232 μή
493 1152 524 1222 ἐξ
542 1151 662 1229 ὑστέρης
682 1152 805 1212 σεωυτόν
825 1157 854 1212 ἐν
874 1155 947 1233 αἰτίη

141 1238 243 1318 σχῇς.”
262 1241 322 1300 εἶπε
331 1243 402 1320 πρός
411 1247 500 1303 ταῦτα
513 1240 529 1301 ό
541 1240 683 1304 Ἱστιαῖος·
698 1250 717 1275 “
723 1241 857 1316 βασιλεῦ,
871 1245 948 1302 κοῖον

141 1328 283 1409 ἐφθέγξαο
294 1331 372 1400 ἐπος;
388 1332 437 1407 ἐμὲ
446 1333 607 1408 βουλεῦσαι
616 1333 743 1409 πρῆγμα,
751 1333 785 1388 ἐκ
795 1333 845 1390 τοῦ
858 1331 909 1389 σοί
919 1357 948 1391 τι

140 1414 159 1491 ἦ
172 1417 247 1499 μέγα
259 1417 277 1495 ἦ
290 1419 411 1496 σμικρόν
425 1421 528 1496 ἔμελλε
538 1417 666 1497 λυπηρόν
675 1417 867 1498 ἅνασχήσειν;
881 1419 912 1478 τί
922 1419 946 1478 δ’

141 1503 175 1564 ἂν
194 1507 382 1585 ἐπιδιζήμενος
399 1507 522 1600 πηιέοιμι
537 1511 637 1577 rafim
666 1511 714 1566 τεῦ
731 1507 760 1565 δέ
778 1507 870 1583 ἐνδὲής
887 1507 945 1578 ἐῶν,

140 1597 179 1672 τῷ
192 1595 269 1674 πάρα
279 1599 330 1673 μὲν
343 1596 434 1656 πάντα
444 1595 502 1656 ὅσα
514 1622 568 1673 περ
583 1596 639 1665 σοὶ,
653 1594 764 1656 πάντων
774 1595 804 1653 δὲ
813 1595 884 1673 πρός
894 1597 946 1656 σέο

141 1683 344 1762 βουλευμάτων
366 1685 511 1745 ἐπακούειν
532 1683 678 1761 άξιεῦμαι;
709 1680 774 1742 ἀλλ’
798 1684 823 1742 εἴ
844 1709 897 1761 περ
919 1709 947 1744 τι

141 1776 269 1834 τοιοῦτον
286 1773 345 1834 οἶον
361 1773 398 1832 σι)
416 1775 527 1850 εἴρηκας
540 1772 666 1850 πρήσσει
679 1771 695 1831 ό
710 1772 775 1848 ἐμός
789 1773 946 1848 ἐπίτροπος,

143 1859 203 1920 ἴσθι
210 1859 294 1921 αότόν
304 1860 346 1920 ἐπ’
356 1865 456 1922 ἑωυτοῦ
464 1861 648 1937 βαλλόμενον
654 1859 836 1938 πεπρηχέναι·
857 1859 947 1938 ἀρχήν

142 1945 172 2005 δέ
186 1948 272 2028 ἔγωγε
286 1948 348 2006 οὐδὲ
362 1949 507 2024 ἐνδέκομαι
519 1947 568 2007 τόν
582 1945 678 2026 λόγον,
689 1944 758 2008 ὅκως
767 1971 796 2004 τι
806 1946 947 2020 Μιλήσιοι

143 2034 190 2092 καὶ
203 2033 220 2092 ό
234 2033 300 2110 ἐμός
310 2035 457 2110 ἐπίτροπος
467 2033 600 2110 νεώτερον
609 2031 776 2109 πρήσσουσι
785 2033 849 2109 περὶ
859 2033 946 2115 πρήγ-

142 2147 220 2198 ματα
232 2120 268 2180 τά
281 2121 330 2180 σά·
352 2125 376 2180 εἰ
389 2121 412 2180 δ’
426 2120 480 2198 όρα
498 2147 526 2182 τι
543 2123 655 2181 τοιοῦτο
668 2123 789 2190 ποιεῦσι,
805 2121 850 2180 καὶ
864 2121 901 2182 σι)
913 2122 947 2184 τό

143 2209 189 2270 ἐόν
204 2208 334 2286 α’κήκοας,
348 2209 369 2268 ὦ
382 2211 516 2286 βασιλεῦ,
529 2208 603 2288 μάθε
617 2209 675 2269 οἷον
688 2213 806 2290 πρῆγμα
823 2211 946 2292 ἐργάσαο

143 2300 192 2376 ἐμὲ
205 2297 262 2359 α’πό
277 2297 427 2375 θαλάσσης
441 2298 626 2359 α’νόσπαστον
639 2297 770 2374 ποιήσας·
786 2297 879 2363 Ἴωνες
891 2301 946 2382 γάρ

142 2387 246 2458 οἴκασι,
267 2391 334 2464 ἐμεῦ
354 2387 386 2457 ἐξ
404 2386 563 2465 ὀφθαλμῶν
581 2393 637 2464 σφι
650 2387 810 2468 γενομένου,
827 2391 947 2465 ποιῆσαι

141 2479 196 2535 τῶν
208 2476 299 2535 πάλαι
318 2475 414 2554 ἵμερον
433 2476 519 2555 εἶχον·
540 2475 606 2552 ἐμέο
620 2475 642 2533 δ’
656 2473 690 2534 ἂν
708 2473 801 2538 ἐόντος
815 2481 844 2535 ἐν
856 2474 946 2555 Ἰωνίῃ

142 2562 257 2640 οὐδεμία
274 2563 358 2627 πόλις
373 2563 534 2640 όπεκίνησε·
555 2566 603 2623 νῦν
622 2561 659 2622 ῶν
673 2562 708 2626 ῶς
726 2563 813 2642 τάχος
825 2591 862 2641 με
876 2564 947 2640 άφες

141 2653 312 2728 πορευθῆναι
325 2657 353 2715 ἐς
365 2651 479 2728 Ἰωνίην,
497 2652 542 2712 ἵνα
561 2677 605 2712 τοι
626 2650 702 2712 κεῖνά
722 2676 753 2712 τε
771 2651 862 2712 πάντα
882 2679 945 2712 κατ-

142 2739 249 2814 αρτίσω
262 2745 289 2802 ἐς
301 2738 399 2810 τῶυτό,
414 2738 522 2799 καὶτῶν
536 2737 668 2815 Μιλήτου
682 2739 834 2816 ἐπίτροπον
846 2744 947 2800 τοῦτον

142 2824 193 2886 τόν
201 2829 290 2885 ταῦτα
299 2827 536 2905 μηχανησάμενον
546 2827 732 2908 ἐγχειρίθετον
742 2827 866 2904 παραδῶ·
881 2831 944 2887 ταῶ-

142 2939 179 2974 τα
199 2912 230 2972 δὲ
250 2913 321 2972 κατὰ
340 2913 405 2974 νόον
424 2913 474 2975 τόν
494 2915 548 2976 σόν
564 2914 694 2990 ποιήσας,
714 2914 793 2976 θεούς
810 2913 947 2988 ἐπόμνυμι

142 3001 208 3080 τούς
229 3001 408 3077 βασιληίους,
422 3002 461 3078 μή
478 3005 531 3080 μὲν
547 3001 684 3080 πρότερον
705 2999 879 3060 ἐκδύσασθαι
898 2997 948 3054 τόν

143 3093 214 3171 ἔχων
235 3089 338 3150 κιθῶνα
359 3090 560 3168 καταβήσομαι
580 3094 608 3152 ἐς
627 3089 742 3159 Ἰωνίην,
763 3085 829 3159 πρὶν
850 3080 883 3137 ἄν
903 3105 948 3138 Τῡῑ

144 3178 243 3258 Σαρδῶ
262 3180 352 3254 νῆσον
372 3176 424 3251 τήν
444 3179 581 3259 μεγίστην
601 3173 787 3251 δασμοφόρον
811 3164 948 3239 πθῑθσω·”

142 3267 276 3331 Ἱστιαῖος
287 3267 341 3344 μὲν
354 3263 389 3340 δή
400 3265 491 3346 λέγων
503 3268 592 3327 ταῦτα
605 3262 752 3337 διέβαλλε·
767 3255 885 3328 Δαρεῖος
897 3252 927 3311 δὲ
937 3247 984 3310 1ολ
