2294 3430
191 101 235 148 ιιι
492 98 676 149 Ἥνοιοτου
911 101 989 167 [vn.

187 178 308 255 Θρηίκης
324 177 442 258 ἀγίνεον,
459 179 486 236 οἱ
502 177 532 236 δὲ
549 181 576 240 ἐς
589 177 740 254 Τυρόδιζαν
759 179 812 256 τὴν
827 182 991 258 Περινθίων,

187 269 214 325 οἱ
227 265 257 324 δὲ
271 270 298 328 ἐς
312 265 462 342 Δορίσκον,
477 268 504 324 οί
517 265 546 323 δὲ
560 269 587 328 ἐς
600 264 699 326 Ἠϊόνα
715 265 767 342 τήν
781 269 826 328 ἐπὶ
841 270 990 349 Στρυμόνι,

136 411 138 414 .
187 357 213 414 οἱ
235 355 265 414 δὲ
283 360 310 418 ἐς
329 353 504 429 Μακεδονίην
521 353 738 433 διατεταγμένοι.

139 446 157 502 2
161 446 177 502 6
228 443 276 503 Ἐν
289 447 327 522 τῷ
341 443 370 501 δὲ
384 439 460 501 οὗτοι
473 442 523 502 τόν
536 442 717 520 προκείμενον
730 441 817 502 πόνον
830 444 989 526 ἐργάζοντο,

186 537 215 592 ἐν
231 531 319 610 τούτῳ
341 529 357 591 ό
379 529 461 600 πεζός
482 528 556 594 ἅπας
574 531 801 611 συλλελεγμένος
821 530 879 608 ἅμα
897 534 990 614 Ξέρξη

187 620 333 697 ἐπορεύετο
359 624 386 682 ἐς
409 617 517 695 Σάρδις,
540 622 570 676 ἐκ
592 617 762 695 Κριτάλλων
782 617 913 696 ὁρμηθεὶς
933 627 990 682 τῶν

187 713 217 768 ἐν
240 707 438 784 Καππαδοκίῃ·
464 707 582 767 ἐνθαῦτα
602 706 657 788 γάρ
680 709 772 783 εἴρητο
794 709 989 789 συλλέγεσθαι

186 795 277 856 πάντα
296 795 346 856 τόν
367 794 425 854 κατ’
437 793 555 872 Ιη”ττειρον
567 797 712 871 μέλλοντα
731 793 790 872 ἅμα
811 795 884 872 αύτῷ
896 798 988 878 Ξέρξη

162 883 354 962 ’πορεύεσθαι
384 881 515 960 στρατόν.
558 875 590 939 ὃς
616 882 668 960 μέν
695 907 743 942 νυν
771 886 827 943 τῶν
856 883 989 965 ὑπάρχων

187 972 310 1050 στρατόν
332 972 474 1032 κάλλιστα
496 971 670 1048 ἐσταλμένον
691 968 804 1052 οἶγαγιύν
824 971 860 1031 τοὶ
878 975 988 1049 προκεί-

120 1083 128 1098 ·
185 1087 256 1138 μενα
274 1061 352 1139 παροὶ
367 1061 506 1138 βασιλέος
525 1061 614 1137 ἔλαβε
634 1059 715 1137 δῶρα,
732 1058 781 1118 ούκ
798 1060 851 1139 ἔχω
866 1060 987 1138 φράσαι·

185 1149 249 1208 ούδέ
261 1149 316 1230 γάρ
329 1149 419 1228 οἷρχὴν
433 1153 460 1211 ἐς
474 1149 566 1224 κρίσιν
579 1147 678 1207 τούτου
691 1147 754 1224 πέρι
768 1147 901 1212 ἐλθόντας
914 1149 986 1210 οἶδα·

186 1237 256 1297 οἶδὲ
271 1239 376 1297 ἐπείτε
397 1236 544 1312 διαβάντες
563 1235 613 1296 τόν
626 1235 718 1295 Ἅλυν
736 1235 864 1312 ποταμόν
882 1237 986 1314 ὦμίλη-

187 1352 243 1386 σαν
263 1327 428 1406 τῇΦρυγίη,
446 1323 479 1383 δι’
494 1323 578 1400 αύτῆς
598 1323 780 1401 πορευόμενοι
800 1327 987 1407 παρεγένοντο

187 1419 213 1478 ἐς
228 1413 376 1476 Κελαινάς·
391 1413 434 1473 ἵνα
449 1413 537 1494 πηγαὶ
550 1412 712 1472 ἀναδιδοῦσι
725 1411 888 1490 Μαιάνδρου
901 1439 987 1474 ποτα-

185 1505 248 1578 μοῦ,
272 1501 317 1560 καὶ
341 1502 434 1578 ἐτέρου
458 1499 507 1560 ούκ
532 1499 690 1566 ἐλάσσονος
713 1499 731 1578 ἢ
754 1501 926 1578 Μαιάνδρου,
948 1507 988 1582 τῷ

148 1597 152 1616 ’
187 1587 292 1666 ούνομα
311 1588 442 1670 τυγχάνει
463 1589 508 1649 ἐόν
522 1589 733 1668 Καταρρήκτης,
747 1588 777 1652 ds
791 1590 822 1659 ἐξ
835 1589 920 1666 αὐτῆς
936 1595 988 1668 τῆς

186 1676 290 1758 α’γορῆς
303 1681 352 1752 τῆς
366 1677 524 1736 Κελαινέων
538 1676 705 1748 ἀνατέλλων,
720 1683 748 1741 ἐς
760 1677 810 1737 τδν
824 1678 987 1756 Μαίανδρον

134 1771 152 1828 ,ί
186 1765 296 1824 ἐκδιδοῖ·
319 1770 347 1824 ἐν
360 1769 396 1844 τῇ
410 1765 456 1823 καὶ
469 1765 484 1825 o‘
498 1769 548 1825 τοῦ
563 1767 684 1840 Σιληνοῦ
698 1764 839 1842 Μαρσύεω
853 1764 941 1830 άσκός
958 1770 987 1828 ἐν

186 1857 222 1932 τῇ
242 1853 312 1914 πόλι
333 1853 528 1932 ἀνακρέμαται,
544 1853 594 1914 τόν
612 1852 667 1914 ύπό
688 1857 805 1935 Φρυγῶν
824 1853 911 1935 λόγος
929 1855 987 1932 έχει

139 1942 239 2004 δ’ίύτό
261 1941 443 2005 Ἀπόλλωνος
466 1942 613 2020 ἐκδαρέντα
639 1941 911 2020 ἀνακρεμασθῆναι,
937 1941 987 2002 Ἐν

185 2031 272 2110 ταύτῃ
285 2036 321 2110 τῇ
334 2030 403 2092 πόλι
415 2029 625 2108 ὑποκατήμενος
639 2029 746 2094 Πύθιος
759 2029 775 2090 ό
791 2029 901 2099 Ἀτυος,
916 2027 986 2107 α’νῆρ

136 2119 142 2133 ’
171 2115 283 2190 γΛυδός,
298 2119 413 2188 ἐξείνισε
426 2120 477 2195 τὴν
490 2119 629 2196 βασιλέος
643 2117 779 2196 στρατιὴν
794 2121 891 2179 πάσαν
907 2117 986 2187 ξεινί-

187 2233 245 2266 οισι
262 2208 425 2288 μεγίστοισι
446 2207 492 2266 καὶ
512 2206 597 2268 αύτόν
609 2207 723 2283 Ξέρξεα,
737 2205 869 2286 χρήματά
890 2231 921 2266 τε
939 2210 985 2264 ἐπ-

187 2296 344 2374 αγγέλλετο
366 2294 541 2370 βουλόμενος
566 2299 593 2358 ἐς
615 2293 665 2354 τόν
690 2293 817 2371 πόλεμον
843 2293 985 2372 παρέχειν·

187 2383 434 2462 ἐπαγγελλομένου
455 2382 484 2440 δὲ
502 2381 634 2460 χρήματα
647 2382 764 2453 Πυθίου,
780 2382 867 2460 είρετο
881 2379 987 2458 Ξέρξης

188 2469 322 2545 Περσέων
342 2469 406 2533 τούς
423 2469 584 2548 παρεόντας,
598 2470 640 2533 τίς
652 2495 683 2530 τε
697 2470 747 2530 ἐών
760 2468 865 2547 ἀνδρῶν
878 2467 987 2532 Πύθιος

153 2611 155 2618 ,
187 2557 233 2614 καὶ
247 2555 320 2616 κόσα
333 2558 465 2636 χρήματα
481 2559 645 2635 κεκτημένος
659 2557 864 2640 ἐπαγγέλλοιτο
881 2554 986 2626 ταῦτά)
1024 2580 1027 2592 ·

190 2647 217 2704 οἱ
239 2645 268 2704 δὲ
290 2645 382 2706 εἶπαν·
410 2645 457 2706 “ὦ
479 2648 612 2723 βασιλεῦ,
636 2643 716 2710 οὗτός
738 2652 800 2708 ἐστι
820 2644 851 2710 ὅς
871 2670 916 2705 τοι
938 2644 988 2705 τόν

187 2735 295 2811 πατέρα
310 2738 429 2812 Δαρεῖον
444 2734 603 2812 ἐδωρήσατο
616 2738 652 2814 τῇ
665 2736 846 2814 πλατανίστῳ
865 2737 902 2812 τῇ
921 2757 988 2812 χρυ-

188 2822 240 2900 σέῃ
255 2821 300 2882 καὶ
313 2827 349 2902 τῇ
362 2821 488 2902 άμπέλῳ·
510 2821 540 2886 ὃς
554 2824 599 2882 καὶ
612 2827 661 2884 νῦν
674 2827 735 2883 ἐστι
755 2825 863 2900 πρῶτος
883 2819 987 2898 ἀνθρύ-

140 2913 179 2969 28
189 2937 247 2970 πων
260 2910 380 2990 πλούτῳ,
395 2914 450 2972 τῶν
462 2911 542 2987 ἡμεῖς
555 2911 640 2988 ἴδμεν,
654 2911 725 2988 μετά
745 2909 806 2970 σέ.”
847 2907 988 2986 Θαυμάσας

173 2999 218 3058 ’δὲ
235 3003 291 3060 τῶν
310 3000 395 3060 ἐπέων
414 2999 447 3059 τό
468 3002 627 3059 τελευταῖον
641 3000 754 3076 Ξέρξης,
772 2997 855 3060 αύτδς
875 2994 988 3072 δεύτερα

189 3087 276 3166 είρετο
295 3087 404 3150 Πύθιον
427 3085 518 3149 ὁκόσα
541 3089 567 3146 οἱ
592 3087 633 3162 εἴη
653 3087 801 3166 χρήματα;
826 3084 843 3145 ό
865 3083 895 3142 δέ
918 3081 987 3142 εἶπε·

188 3175 236 3236 “ὦ
248 3179 383 3256 βασιλεῦ,
397 3174 461 3240 οὕτε
481 3200 516 3237 σε
536 3173 689 3254 ἀποκρύψω
710 3173 773 3234 οὔτε
790 3171 939 3249 σκήψομαι
953 3170 988 3230 τό

13 3283 60 3398 ι
185 3265 226 3341 μὴ
246 3265 346 3330 εἰδέναι
362 3265 414 3343 τήν
432 3266 568 3344 ἐμεωυτοῦ
588 3261 694 3338 οὐσίην,
716 3259 781 3320 ἀλλ’
802 3255 988 3333 ἐπιστάμενός
