2204 3430
143 177 164 220 ν
444 172 631 222 «αΡοΔοαοτ
897 170 944 236 [V.

111 252 129 308 3
183 250 309 326 Θρηίκων
323 249 352 309 δὲ
369 251 446 314 ἔθνος
463 249 600 332 μέγιστόν
616 254 686 319 ἐστι,
700 248 772 327 μετά
787 275 821 330 γε
833 247 944 318 Ἰνδούς,

143 336 254 398 πάντων
267 336 427 415 ἀνθρώπων·
450 343 473 398 εἰ
489 339 519 398 δέ
532 337 578 398 ὕπ’
593 337 652 401 ἐνδς
669 335 785 416 ἄρχοιτο
799 335 817 414 ἢ
831 339 945 414 φρονέοι

70 487 73 492 ,
144 423 215 484 κατά
232 424 329 496 τωύτό,
344 425 454 505 άμαχόν
470 425 494 486 τ’
508 423 542 486 άν
558 427 600 502 εἴη
617 425 664 484 καὶ
681 429 781 504 πολλῷ
795 424 946 502 κράτιστον

144 512 254 588 πάντων
275 514 382 583 ἐθνέων,
400 513 470 574 κατά
488 513 600 595 γνώμην
620 512 672 589 τῇν
693 512 770 590 ἐμήν·
793 512 870 572 ἀλλά
890 513 945 595 γάρ

143 605 226 660 τοῦτο
243 600 350 679 άποράν
363 607 420 678 σφι
436 602 481 660 καὶ
498 601 644 680 ἀμήχανον
657 600 698 678 μή
712 627 775 660 κοτε
792 601 944 682 ἐγγένηται,

145 689 200 748 εἶσὶ
219 687 253 766 δῇ
274 688 344 749 κατά
360 693 445 750 τοῦτο
462 689 599 753 ἀσθενέες.
636 687 778 766 ούνόματα
798 689 828 748 δέ
848 690 961 750 πολλά

144 777 241 856 έχουσι
258 777 328 838 κατά
341 777 434 858 χώρας
448 778 571 838 ἔκαστοι·
592 775 706 854 νόμοισι
723 777 753 845 δὲ
766 774 844 836 οὗτοι
857 803 945 855 παρα·

143 866 295 940 πλησίοισι
305 865 406 928 πάντες
414 866 549 944 χρέωνται
560 863 631 924 κατά
641 863 740 933 πάντα,
752 863 830 940 πλὴν
840 865 944 926 Γετέων

144 953 190 1011 καὶ
203 958 338 1032 Τραυσῶν
352 954 398 1013 καὶ
413 958 468 1014 τῶν
482 952 636 1030 κατύπερθε
654 953 861 1029 Κρηστωναίων
875 957 944 1012 οἰκε-

108 1039 235 1102 4όντων.
277 1041 387 1102 Τούτων
407 1041 437 1101 δέ
456 1041 492 1102 τά
512 1044 564 1118 μέν
584 1041 667 1100 Γέται
688 1043 715 1099 οἶ
735 1039 944 1112 ἀθανατίζοντες

143 1134 262 1200 ποιεῦσι,
275 1129 383 1206 εἴρηταί
393 1154 452 1206 μοι.
480 1128 605 1206 Τραυσοὶ
616 1128 645 1187 δέ
654 1128 690 1187 τά
703 1130 755 1204 μὲν
765 1126 842 1186 άλλα
852 1127 943 1188 πάντα

144 1216 214 1275 κατά
228 1215 316 1277 ταῦτά
332 1220 408 1276 τοῖσι
427 1216 544 1276 άλλοισι
563 1215 651 1292 Θρῇξὶ
671 1214 855 1284 ἐπιτελέουσι,
873 1210 943 1276 κατά

143 1301 173 1361 δέ
199 1302 249 1362 τόν
274 1303 420 1384 γινόμενόν
447 1309 503 1378 σφι
529 1304 575 1362 καὶ
602 1302 805 1382 ἀπογινόμενον
831 1308 942 1363 ποιεῦσι

142 1389 244 1449 τοιάδε·
268 1389 317 1450 τόν
338 1393 389 1467 μὲν
409 1389 558 1470 γενόμενον
580 1388 765 1466 περιῖζόμενοι
787 1392 814 1448 οἱ
834 1391 942 1467 προσή-

143 1503 235 1541 κοντες
259 1477 456 1554 ὀλοφύρονται,
481 1477 537 1538 ὅσα
559 1503 608 1554 μιν
631 1477 674 1535 δεῖ
697 1477 759 1535 ἐπεί
778 1502 809 1536 τε
833 1478 942 1558 ἐγένετο

142 1563 306 1642 ἀναπλῆσαι
323 1565 402 1636 κακά,
418 1563 599 1646 ἀνηγεόμενοι
619 1563 654 1623 τά
676 1562 836 1640 ἀνθρωπήϊα
851 1564 943 1625 πάντα

141 1652 242 1714 πάθεα·
256 1652 305 1712 τόν
315 1652 338 1712 δ’
347 1651 553 1734 ἀπογενόμενον
562 1651 706 1723 παίζοντές
715 1677 745 1710 τε
756 1653 802 1710 καὶ
812 1651 942 1729 ἡδόμενοι

141 1743 180 1819 γῇ
197 1739 358 1817 κρύπτουσι,
373 1739 548 1821 ἐπιλέγοντες
564 1739 639 1800 ὅσων
657 1743 747 1799 κακῶν
763 1739 941 1821 ἐξαπαλλαχ-

106 1827 196 1890 θθεὶς
220 1829 281 1888 ἐστι
305 1832 333 1887 ἐν
356 1825 436 1906 πάσῃ
461 1826 630 1908 εύδαιμονίῃ.
671 1829 708 1887 Οἱ
732 1827 761 1886 δέ
788 1826 942 1906 κατύπερθε

142 1915 347 1992 Κρηστωναίων
360 1920 472 1976 ποιεῦσι
487 1915 588 1976 τοιάδε·
610 1916 667 1995 ἔχει
677 1919 811 1996 ’γυναῖκας
825 1915 942 1980 ἕκαστος

140 2002 261 2066 πολλάς·
280 2004 363 2063 ἐπεάν
374 2003 410 2064 ὧν
423 2030 465 2067 τις
479 2003 568 2064 αὐτῶν
579 2002 715 2082 ἀποθάνῃ,
732 2003 823 2081 κρίσις
835 2004 942 2083 γίνεται

139 2091 252 2171 μεγάλη
272 2096 327 2151 τῶν
347 2096 483 2171 γυναικῶν
504 2091 550 2150 καὶ
571 2092 663 2167 φίλων
683 2092 805 2151 σπουδαὶ
827 2093 942 2170 ἰσχυραὶ

140 2178 205 2253 περὶ
221 2179 309 2247 τοῦδε,
324 2177 395 2254 ἧτιςὶ
403 2179 506 2238 αύτέων
525 2179 654 2255 ἐφιλέετο
672 2178 800 2254 μάλιστα
816 2178 870 2238 ύπδ
891 2184 941 2239 τοῦ

139 2263 247 2341 ἀνδρός·
268 2264 287 2342 ἢ
308 2264 331 2324 δ’
351 2263 386 2325 ἂν
407 2266 488 2344 κριθῇ
509 2267 555 2324 καὶ
578 2267 691 2343 τιμηθῇ,
715 2267 942 2346 ἐγκωμιασθεῖσα

76 2375 79 2382 ’
139 2350 194 2412 ῦπό
210 2377 241 2411 τε
256 2353 364 2430 ἀνδρῶν
378 2352 424 2412 καὶ
436 2356 571 2434 γυναικῶν
585 2351 725 2428 σφάζεται
740 2357 766 2414 ἐς
781 2352 831 2412 τόν
848 2353 941 2430 τάφον

139 2437 194 2499 ύπδ
210 2444 262 2499 τοῦ
275 2437 449 2516 οἶκηῖοτάτου
465 2444 574 2516 ἑωυτῆς,
588 2441 757 2519 σφαχθεῖσα
770 2441 800 2500 δὲ
816 2440 939 2500 συνθάπ-

138 2552 216 2587 τεται
241 2532 279 2607 τῷ
303 2527 389 2605 ἀνδρί·
417 2531 446 2588 αἱ
472 2528 502 2588 δὲ
524 2527 612 2587 άλλαι
637 2528 790 2606 συμφορῇν
812 2527 941 2608 μεγάλην

138 2619 290 2676 ποιεῦνται·
310 2614 414 2680 ὄνειδος
426 2615 482 2698 γάρ
496 2623 553 2693 σφι
566 2621 649 2676 τοῦτο
662 2615 799 2696 μέγιστον
811 2616 926 2697 γίνεται.

106 2703 123 2762 6
178 2707 240 2764 Τῶν
256 2704 285 2764 δὲ
301 2703 335 2781 δή
349 2701 445 2764 ἄλλων
458 2703 584 2782 Θρηίκων
598 2702 659 2764 ἐστὶ
675 2702 722 2763 ὅδε
738 2703 754 2763 ό
771 2703 864 2780 νόμος·
885 2730 940 2762 πω-

137 2794 221 2852 λεῦσι
240 2791 276 2852 τά
293 2793 376 2853 τέκνα
395 2791 437 2852 ἐπ’
455 2793 591 2874 ἐξαγωγῇ·
613 2790 663 2856 τοῖς
683 2792 712 2851 δὲ
732 2792 886 2869 παρθένους
907 2791 940 2850 οῦ

138 2879 325 2958 φυλάσσουσι
339 2879 404 2942 ἀλλ’
416 2885 483 2941 ἐῶσι
494 2881 552 2941 οῖσι
562 2879 643 2952 αύταὶ
655 2880 811 2958 βούλονται
821 2879 939 2960 ἀνδράσι

136 2969 301 3052 μίσγεσθαι,
322 2969 372 3034 τάς
393 2969 422 3029 δέ
442 2972 574 3052 γυναῖκας
599 2972 719 3049 ἰσχυρῶς
741 2968 939 3048 φυλάσσουσι·

137 3059 182 3117 καὶ
193 3057 321 3120 ῶνέονται
330 3059 380 3122 τάς
389 3063 521 3141 γυναῖκας
528 3058 605 3136 παρά
615 3063 669 3120 τῶν
676 3060 780 3141 γονέων
787 3055 940 3138 χρημάτων

136 3147 275 3227 μεγάλων·
297 3148 343 3207 καὶ
361 3147 394 3209 τό
414 3150 467 3225 μὲν
485 3146 616 3227 ἐστίχθαι
635 3146 741 3228 εύγενές
760 3147 891 3224 κέκριται,
905 3144 939 3204 τό

141 3231 163 3289 δ’
177 3232 308 3296 ἄστικτον
326 3236 447 3318 ἀγεννές·
469 3234 557 3317 ἀργόν
573 3235 642 3296 εἶναι
660 3235 825 3304 κάλλιστον,
840 3236 893 3314 γῆς
909 3231 939 3291 δὲ

139 3319 263 3398 ἐργάτην,
277 3322 454 3400 ἀτιμότατον·
473 3324 507 3385 τό
520 3325 571 3400 ζῇν
584 3323 640 3387 ἀπό
654 3324 782 3400 πολέμου
796 3320 843 3381 καὶ
856 3325 938 3398 ληϊσ-
