2204 3430
139 127 182 190 ιο]
444 125 648 176 mmmm.
911 127 942 173 ιι

141 207 256 266 ἐπὶτῶν
270 207 373 291 θυρέων
387 207 521 283 ἀλλήλων
535 207 656 268 ἅπτοντο
670 206 943 284 καταιτιόμενοι,“καὶ

140 295 269 370 μάλιστα
281 299 331 356 τοῦ
345 295 456 372 πρώτου
470 295 613 373 λαβόντος
626 295 669 356 ὅτι
690 295 740 356 οὐκ
761 296 878 371 ἐποίησε
896 321 942 372 κα-

141 383 182 444 τα
197 383 232 444 τό
253 384 414 464 δεδογμένα·
438 384 494 448 ἐςδ
513 383 547 459 δή
561 390 624 460 σφι,
638 385 741 464 χρόνου
755 383 942 465 ἐγγινομένου,

142 472 217 544 ἔδοξε
239 473 314 536 αὖτις
337 473 529 550 παρελθόντας
550 473 656 536 πάντας
673 477 724 533 τοῦ
742 473 830 549 φόνου
846 473 942 549 μετίσ-

141 585 210 638 χειν.
254 562 307 621 έδει
321 562 350 620 δὲ
365 566 395 620 ἐκ
408 565 457 620 τοῦ
472 560 619 624 Ἠετιωνος
631 561 715 641 γόνου
728 561 857 638 Κορίνθῳ
871 559 941 618 κακοὶ

142 648 345 724 ἀναβλαστεῖν·
374 649 393 725 ἡ
420 649 524 726 Λάβδα
548 649 604 730 γαὶρ
631 648 723 708 πάντα
748 653 835 708 ταῦτα
861 647 944 724 ἤκουε

143 739 269 796 ἑστεῶσα
284 736 355 814 πρός
369 737 472 814 αὐτῇσι
493 741 561 815 τῇσι
583 737 694 815 θύρῃσι·
716 737 837 796 δείσασα
855 736 884 794 δὲ
904 735 945 812 μή

143 830 199 899 σφι
218 824 357 902 μεταδόξῃ
377 825 422 882 καὶ
443 824 475 883 τό
493 824 619 900 δεύτερον
636 824 775 901 λαβόντες
788 824 821 884 τό
834 824 945 883 παιδίον

143 910 337 980 ἀποκτείνωσι,
355 912 482 986 φέρουσα
498 911 683 987 κατακρύπτει
701 917 728 974 ἐς
747 911 780 970 τό
801 911 945 987 ἀφραστό-

143 997 229 1058 τατόν
247 1001 273 1056 οἱ
293 999 422 1073 ἐφαίνετο
439 997 515 1068 εἶναι,
532 1003 558 1060 ἐς
572 999 704 1076 κυψέλην·
726 999 897 1074 ἐπισταμένη
911 997 947 1060 αἷς

132 1089 169 1144 εἰ
181 1085 410 1164 ὑποστρέψαντες
424 1090 451 1148 ἐς
466 1085 582 1161 ζήτησιν
597 1083 752 1159 α’πικοίατο,
766 1084 858 1144 πόντα
877 1090 947 1162 ἐρευ-

145 1172 242 1247 νήσειν
255 1174 397 1250 μέλλοιεν·
419 1173 455 1234 τοί
470 1173 503 1251 δη
519 1174 565 1232 καὶ
580 1174 694 1254 ἐγίνετο.
729 1174 846 1233 ἐλθοῦσι
860 1173 889 1232 δὲ
903 1173 948 1232 καὶ

145 1262 317 1338 διζημένοισι
332 1262 443 1323 αὐτοῖσι
463 1263 497 1326 ὦς
519 1262 568 1322 οὐκ
591 1263 728 1339 ἐφαίνετο,
748 1260 839 1320 ἐδόκεε
858 1260 947 1320 ἀπαλ-

144 1349 309 1411 λάσσεσθαι
331 1352 377 1410 καὶ
396 1353 488 1433 λέγειν
509 1351 580 1429 πρός
593 1351 657 1414 τούς
670 1350 891 1429 ἀποπέμψαντας
913 1348 948 1412 ὦς

144 1437 397 1515 πόνταποιήσειαν
411 1440 446 1500 τοὶ
462 1445 559 1500 ἐκεῖνοι
575 1439 756 1500 ἐνετείλαντο.
799 1441 825 1498 οἱ
841 1441 892 1516 μὲν
911 1437 945 1512 δή

144 1525 313 1592 ἀπελθόντες
328 1529 424 1608 ἔλεγον
438 1533 535 1588 ταῦτα·
558 1527 685 1588 Ἠετίωνι
703 1529 733 1586 δὲ
748 1527 819 1605 μετὰ
831 1531 919 1587 ταῦτα
932 1525 949 1585 ό

145 1615 210 1678 πόϊς
220 1615 361 1685 αὖξόνετο·
378 1617 426 1674 καί
438 1620 463 1676 οἱ
479 1615 643 1698 διαφυγόντι
657 1621 755 1677 τοῦτον
765 1615 815 1676 τόν
825 1615 949 1674 κίνδυνον

146 1701 200 1763 ἅπδ
215 1708 264 1780 τῆς
278 1706 400 1782 κυψέλης
416 1705 573 1782 ἐπωνυμίην
589 1704 722 1783 Κύψελος
739 1702 844 1780 οὔνομα
860 1703 949 1777 ἐτέθη.

146 1791 310 1869 ἀνδρωθέντι
324 1793 353 1852 δὲ
368 1794 413 1852 καὶ
426 1793 618 1872 μαντευομένῳ
632 1793 757 1870 Κυψέλῳ
772 1791 879 1870 ἐγένετο
895 1788 946 1866 οἷμ

147 1881 270 1954 φιδέξιον
289 1879 462 1958 χρηστήριον
477 1887 505 1939 ἐν
521 1883 674 1954 Δελφοῖσι,
688 1883 726 1956 τῷ
739 1879 856 1939 πίσυνος
873 1876 949 1956 γενό-

146 1993 228 2042 μενος
243 1968 410 2046 ἐπεχείρησέ
422 1993 453 2026 τε
467 1968 513 2026 καὶ
528 1968 595 2044 ἔσχε
609 1965 758 2042 Κόρινθον.
791 1963 806 2022 ὁ
821 1964 850 2022 δὲ
862 1989 950 2041 χρησ-

146 2053 200 2130 μδς
221 2053 267 2112 ὅδε
289 2053 332 2127 ἦν·

241 2166 341 2229 Ὄλβιος
354 2165 421 2215 οὗτος
434 2167 492 2228 ἀνὴρ
504 2163 530 2215 ὃς
542 2167 597 2223 ἑμδν
610 2165 679 2225 δόμον
695 2164 861 2228 ἐσκαταβαίνει

246 2239 361 2301 Κύψελος
369 2239 489 2299 Ἠετίδης,
504 2240 619 2301 βασιλεὺς
628 2241 731 2286 κλειτοῖο
743 2238 867 2300 Κορίνθου·

244 2313 316 2360 αὐτὸς
328 2313 367 2359 καί
379 2313 468 2370 παῖδες,
484 2313 574 2359 παίδων
584 2329 616 2371 γε
626 2312 669 2369 μὲν
681 2311 759 2359 οὐκέτι
770 2312 860 2359 παῖδες.
881 2323 886 2328 ·

148 2409 187 2470 Τό
200 2411 252 2488 μὲν
266 2410 300 2486 δή
314 2409 488 2489 χρηστήριον
501 2414 584 2469 τοῦτο
598 2408 642 2484 ἦν.
683 2407 868 2486 τυραννεύσας
886 2409 915 2467 δὲ
934 2409 949 2468 ὁ

149 2499 290 2577 Κύψελος,
302 2501 428 2560 τοιοῦτος
442 2497 476 2573 δή
489 2523 531 2560 τις
545 2496 615 2572 ἀνὴρ
627 2499 744 2576 ἐγένετο·
758 2496 884 2559 πολλοδς
897 2499 949 2573 μὲν

148 2588 304 2664 Κορινθίων
316 2586 415 2656 ἐδίωξε,
424 2585 551 2648 πολλους
562 2585 590 2644 δὲ
604 2585 754 2664 χρημάτων
764 2583 948 2661 ἀπεστέρησε,
988 2653 990 2657 Ι

148 2678 248 2753 πολλῳ
272 2673 331 2732 δ”
318 2700 357 2734 ετι
379 2675 588 2736 πλείστους
552 2700 603 2748 της
624 2677 725 2752 ψυχῆς
767 2671 899 2748 αρξαντος
921 2671 950 2729 δὲ

147 2761 248 2821 τούτου
263 2763 309 2820 ἐπι
321 2788 470 2872 τριηκοντα
482 2763 542 2821 ἔτεα
556 2787 602 2819 και
592 2749 854 2829 διαπλέξαντος
822 2786 872 2820 τον
884 2759 950 2835 βίον

150 2875 188 2919 ευ,
210 2848 384 2928 διόδοχός“
360 2877 386 2908 οι
408 2855 457 2925 τῆς
478 2848 674 2927 τυραννίδος
658 2877 673 2908 ο
695 2852 761 2910 ταῖς
781 2847 951 2924 Περίανδρος

149 2938 265 3018 γίνεται.
308 2935 323 2995 ό
345 2938 436 2997 τοίνυν
462 2938 632 3014 Περίανδρος
654 2963 706 2996 κατ
736 2935 823 3012 ἀρχὰς
844 2935 895 3007 μὲν
915 2929 950 3001 ἦν

149 3024 304 3102 ηπιοίτερος
317 3028 366 3083 τοῦ
381 3025 494 3102 πατρός·
517 3026 578 3084 ἐπεί
595 3051 625 3084 τε
640 3026 668 3083 δὲ
683 3023 809 3130 ωμίλησε
824 3014 887 3073 δι”
870 3012 951 3088 αγγέ

150 3119 208 3174 λων
227 3112 426 3191 Θρασυβουλῳ
445 3139 483 3190 τῳ
469 3113 632 3186 Μιλήτου
646 3109 776 3186 τυράννῳ,
794 3095 926 3170 mmm
913 3118 953 3150 ‘T‘

152 3204 261 3284 ἐγένετο
273 3201 410 3280 Κυψέλου
424 3199 651 3275 μιαιφονώτερος.
682 3193 796 3264 πέμψας
808 3206 863 3260 ’ίαΡ
876 3201 950 3251 παρα

152 3291 362 3368 Θρασύβουλον
384 3313 497 3363 κηρυκα,
512 3283 680 3343 ἐπυνθάνετο
697 3275 790 3332 ὅντινα
803 3266 836 3324 ἂν
849 3262 936 3339 τρόπο
