2294 3430
174 101 212 166 υ]
499 101 684 153 nomam.
934 106 980 154 ιιι

183 187 246 242 ἐστι
266 179 345 242 οὕτω·
367 184 411 242 ἵνα
424 183 454 240 δέ
466 180 508 257 μή
530 181 729 257 ἰδιοβουλεύειν
748 183 814 259 ύμῖν
834 183 927 254 δοκέω,
940 186 981 244 τί·

183 270 253 347 θημι
273 268 306 329 τό
327 274 452 350 πρῆγμα
463 275 490 332 ἐς
509 270 607 345 μέσον,
626 269 739 350 γνώμην
755 270 873 331 κελεύων
890 271 981 348 ύμέων

181 358 232 417 τ’ὁν
243 357 420 435 βουλόμενον
433 357 666 434 όποφαίνεσθαι.”
705 363 794 418 ταῦτα
807 360 884 423 εἴπας
897 361 978 420 ἐπαύ-
1011 354 1015 362 ’

183 470 256 512 ετο.,
1036 521 1040 528 Δ

223 531 293 594 Μετ’
307 531 391 592 αύτδν
411 533 446 598 δέ,
455 532 612 610 Μαρδόνιος
628 534 716 615 ἔλεγε·
737 544 756 570 “
764 532 785 592 ὦ
801 534 933 605 δέσποτα,
947 535 980 596 ού
994 538 1012 595 9

181 620 267 696 μόνον
281 621 319 683 εἶς
331 623 386 679 τῶν
398 622 552 700 γενομένων
566 621 698 698 Περσέων
717 621 831 699 ἄριστος
843 621 920 682 οἶλλοὶ
934 624 980 682 καὶ

181 712 236 769 τών
252 709 400 785 ἐσομένων·
422 708 453 772 ὃς
469 709 551 769 τότε
566 708 643 768 ἅλλα
658 711 749 791 λέγων
764 711 857 788 {Qu
877 709 980 787 όριστα

181 798 228 855 καὶ
240 795 429 873 ἀληθέστατα,
444 799 489 856 καί
504 796 600 860 Ἴωνας
613 797 677 861 τούς
690 803 719 858 ἐν
731 803 767 876 τῇ
780 796 901 877 Εὐρώπη
915 825 979 859 κατ-

181 887 341 961 οικημένους
367 885 417 944 ούκ
444 885 535 948 ἐάσεις
561 885 752 966 καταγελάσαι
780 886 856 963 η’μῖν,
885 886 979 950 ἐόντας

181 971 317 1042 ἀναξίους·
339 974 385 1032 καὶ
404 973 460 1054 γὰρ
479 973 567 1034 δεινόν
585 971 619 1033 ἂν
638 974 680 1049 εἴη
698 977 822 1054 πρῆγμα,
845 977 869 1032 εί
887 973 979 1038 Σάκας

180 1063 231 1134 μὲν
245 1063 291 1120 καὶ
299 1061 402 1126 Ἰνδούς
412 1063 458 1120 καὶ
468 1061 604 1124 Αἰθίοπάς
616 1087 648 1121 τε
661 1061 707 1120 καὶ
719 1060 888 1138 Ἀσσυρίους
901 1061 978 1121 ἄλλα

179 1173 210 1207 τε
232 1150 311 1208 ἔθνεα
332 1150 429 1208 πολλοὶ
453 1151 498 1209 καὶ
521 1149 642 1230 μεγάλα,
666 1148 838 1225 ἀδικήσαντα
862 1149 977 1225 Πέρσας

181 1235 259 1295 οὐδὲν
272 1237 348 1296 οἶλλιί
361 1237 476 1314 δύναμιν
488 1238 689 1315 προσκτᾶσθαι
701 1236 880 1313 βουλόμενοι,
895 1245 1014 1296 nara-1³¹

180 1325 368 1402 στρεψόμενοι
387 1326 503 1388 δούλους
523 1324 784 1404 ἐχομεν,Ἕλληνας
796 1324 826 1382 δὲ
841 1323 976 1401 ύπόρξαν-

179 1437 229 1474 τας
246 1410 359 1489 α’δικίης,
380 1412 412 1472 ού
428 1414 654 1491 τιμωρησόμεθα·
673 1414 704 1472 τί
721 1413 877 1482 δείσαντες;
900 1413 977 1489 κοίην
998 1419 1001 1430 '

180 1499 303 1575 πλήθεος
323 1501 499 1578 συστροφήν,
522 1503 600 1578 κοίην
622 1502 652 1561 δέ
671 1500 821 1580 χρημάτων
843 1499 976 1578 δύναμινς

178 1591 233 1647 τῶν
251 1588 425 1666 ἐπιστάμεθα
437 1592 489 1665 μὲν
501 1588 553 1665 τήν
567 1588 670 1668 μάχην,
685 1589 859 1666 ἐπιστάμεθα
877 1590 906 1648 δὲ
925 1589 977 1666 τὴν

179 1675 294 1752 δύναμιν
318 1681 419 1737 ἐοῦσαν
443 1676 575 1737 όσθενέα·
600 1679 700 1755 ἔχομεν
719 1677 749 1736 δέ
769 1677 858 1738 αὐτῶν
877 1678 977 1742 παῖδας

179 1765 438 1842 καταστρεψάμενοι
454 1764 577 1835 τούτους,
596 1765 623 1824 οἳ
641 1770 670 1824 ἐν
690 1769 726 1843 τῇ
745 1765 865 1843 η’μετέρη
886 1791 977 1826 κατοι-

179 1854 299 1928 κημένοι,
308 1851 401 1915 Ἴωνές
412 1878 443 1912 τε
457 1854 503 1912 καὶ
511 1854 626 1916 Αἰολέες
635 1853 681 1911 καὶ
689 1854 806 1928 Δωριέες
820 1853 976 1914 καλέονται.

179 1940 328 2016 ἐπειρήθην
346 1941 376 1998 δέ
397 1940 443 1998 καλ
462 1939 545 2003 αύτός
559 1939 613 2016 ἤδη
627 1939 783 2000 ἐπελαύνων
797 1940 842 1998 ἐπὶ
854 1940 918 2002 τούς
930 1939 976 2000 άν-

179 2026 245 2102 δρας
261 2027 383 2096 τούτους,
397 2026 452 2086 ύπδ
473 2028 579 2104 πατρός
598 2032 649 2088 τοῦ
670 2031 723 2087 σοῦ
740 2027 908 2090 κελευσθείς·
930 2030 979 2088 καί

178 2138 227 2188 μοι
246 2114 331 2192 μέχρι
349 2114 522 2190 Μακεδονίης
541 2115 683 2186 ἐλάσαντι,
697 2116 743 2174 καὶ
759 2113 857 2195 ὀλίγον
877 2113 975 2174 όπολι·

178 2199 259 2260 πόντι
281 2206 308 2265 ἐς
329 2200 413 2264 αύτάς
429 2200 550 2276 Ἀθήνας
571 2201 729 2273 ἀπικέσθαι,
750 2202 837 2265 οὐδεὶς
856 2201 976 2280 άντιώθη

178 2292 206 2352 ἐς
224 2289 328 2369 μάχην.
370 2291 460 2350 καίτοι
473 2317 506 2370 γε
520 2291 622 2350 ἐώθασι
631 2290 778 2366 Ἕλληνες,
793 2290 828 2354 ώς
841 2290 975 2351 πυνθόνο

177 2401 236 2453 μαι,
253 2377 436 2454 α’βουλότιιτα
455 2380 596 2454 πολέμους
618 2378 760 2452 ἵστασθαι,
775 2378 830 2438 ύπό
846 2405 876 2438 τε
889 2377 975 2459 α’γνω-

177 2465 300 2541 μοσύνης
314 2468 359 2526 καὶ
373 2465 547 2540 σκαιότητος·
570 2464 653 2524 ε’πεοὶν
673 2465 727 2545 γοὶρ
749 2465 906 2540 ἀλλήλοισι
926 2466 975 2527 πό-
1038 2465 1039 2472 ¹

177 2554 265 2628 λεμον
285 2557 449 2630 προείπωσι,
469 2552 624 2630 ἐξευρόντες
644 2553 677 2612 τό
700 2551 857 2614 κάλλιστον
874 2555 976 2632 χωρίον

179 2641 224 2698 καὶ
245 2641 397 2710 λειότατον,
419 2646 445 2703 ἐς
467 2645 550 2699 τοῦτο
572 2639 714 2702 κατιόντες
733 2641 881 2718 μάχονται·
903 2641 975 2701 ώστε

179 2724 231 2785 σύν
245 2731 318 2805 κακῷ
337 2729 451 2808 μεγάλῳ
465 2731 491 2787 οἱ
504 2731 631 2790 νικῶντες
644 2726 890 2788 ἀπαλλάσσονται·
911 2731 976 2806 περὶ

178 2811 208 2869 δὲ
220 2817 275 2871 τῶν
289 2816 453 2890 ἑσσαμένων
467 2815 529 2874 ούδέ
542 2816 616 2896 λέγω
630 2814 728 2894 α’ρχῆν,
743 2815 855 2884 ἐξώλεες
866 2816 921 2896 γάρ
940 2816 975 2892 δη

177 2900 309 2976 γίνονται·
336 2901 401 2964 τούς
423 2907 502 2980 χρῆν,
525 2902 619 2966 ἐόντας
641 2903 854 2984 ὁμογλώσσους,
879 2902 977 2978 κήρυξί
999 2938 1001 2942 ·

177 3014 207 3046 τε
221 2988 437 3066 διαχρεωμένους
450 2991 495 3048 καὶ
509 2990 658 3070 α’γγέλοισι
679 2989 906 3066 καταλαμβάνειν
926 2989 976 3051 τὰς

177 3075 321 3153 διαφοράς,
337 3078 382 3136 καὶ
395 3077 478 3136 παντὶ
491 3081 604 3154 μᾶλλον
617 3076 635 3152 ἢ
647 3077 767 3156 μάχῃσι·
790 3081 813 3134 εἰ
826 3076 855 3132 δέ
868 3075 976 3138 πάντως

177 3165 232 3224 ἔδεε
253 3165 402 3242 πολεμέειν
415 3164 485 3242 πρός
498 3164 650 3240 ἀλλήλους,
666 3165 832 3241 ἐξευρίσκειν
852 3166 924 3241 χρῆν
940 3167 976 3242 τῇ

177 3251 303 3325 ἐκάτεροί
324 3257 380 3315 είσι
402 3252 660 3330 δυσχειρωτότατοι,
685 3253 730 3310 καὶ
756 3248 844 3325 ταύτῃ
867 3253 976 3326 πειρᾶν·
