2280 3432
192 114 240 172 266
501 109 683 159 ἨΡΟΔΟΤΟΤ
902 109 932 172 [λ
940 99 996 157 ΠΙ..

192 188 327 269 στρατιήν
348 188 462 265 διέκρινε
486 189 532 248 καὶ
555 189 660 266 Ξέρξης
679 188 715 266 ἦν
734 189 798 268 περὶ
818 189 998 265 Θεσσαλίην,

192 277 364 358 χρηστήριον
384 275 519 352 ἐληλύθεε
543 282 572 336 ε“κ
595 281 719 353 Δελφῶν
738 279 997 355 Λακεδαιμονίοισι,

193 367 298 443 Ξέρξεα
318 366 417 424 αἰτέειν
441 365 517 427 δίκας
540 369 590 424 τοῦ
611 367 750 425 Λεωνίδεω
771 366 868 440 φόνου,
891 369 936 427 καὶ
960 370 998 430 τδ

157 491 165 503 ·
193 454 335 532 διδόμενον
349 454 380 523 ἕξ
393 458 496 513 ε’κεῖνου
514 453 653 512 δέκεσθαι·
674 454 817 531 πέμπουσι
836 454 869 530 δή
888 455 999 534 κήρυκα

193 531 246 616 οτήν
255 542 393 621 ταχίστην
403 543 587 618 Σπαρτιῆται·
598 541 629 604 ὃς
637 542 730 617 ε’πειδή
741 543 882 619 κατέλαβε
891 549 999 605 έοῦσαν

194 631 234 689 ἔτι
247 635 344 691 πᾶσαν
356 630 408 706 τὴν
421 630 557 707 στρατιὴν
571 636 600 689 ἐν
613 632 770 710 Θεσσαλίῃ,
786 630 875 691 ε’λθών
888 637 915 695 ές
928 631 998 711 ὄψιν

193 717 244 794 τὴν
263 719 370 797 Ξέρξεω
390 720 468 800 ἔλεγε
486 718 560 778 τόδε·
583 715 629 776 “03
642 720 767 795 βασιλεῦ
780 719 893 794 Μήδων,
906 726 997 780 Λακε-

195 805 334 884 δαιμόνιοί
351 808 384 868 τέ
403 833 438 866 σε
459 806 504 864 καὶ
526 805 708 883 Ἡρακλεῖδαι
732 809 759 864 οἰ
782 805 838 866 όπὸ
863 807 999 884 Σπάρτης

195 897 319 954 αἰτέουσι
336 895 425 972 φόνου
444 895 527 968 δίκας,
543 894 587 954 δτι
600 895 697 971 σφέων
714 893 765 954 τόν
782 895 910 970 βασιλέα
928 895 997 954 α’πέ·

195 1008 301 1047 κτεινας
314 983 448 1062 ῥυόμενον
460 983 512 1058 τήν
521 981 673 1041 Ἑλλάδα·”
693 981 708 1042 ὁ
723 981 752 1041 δὲ
761 981 887 1063 γελάσας
899 1007 930 1040 τε
950 985 998 1042 καὶ

196 1071 346 1150 κατασχόν
356 1071 466 1132 πολλόν
476 1069 585 1149 χρόνον,
601 1069 636 1133 ὥς
650 1073 677 1129 οἱ
690 1069 824 1150 ἐτύγχανε
836 1069 999 1146 παρεστειδς

195 1160 361 1237 Μαρδόνιος,
384 1157 487 1222 δεικνύς
514 1163 541 1220 ἒς
564 1162 663 1218 τοῦτον
687 1157 756 1216 εἰπε·
789 1167 806 1192 “
814 1157 912 1237 τοιγάρ
939 1165 998 1235 σφι

195 1247 354 1325 Μαρδόνιος
374 1248 421 1308 ὅδε
441 1247 517 1310 δίκας
537 1245 620 1305 διύσει
638 1244 767 1308 τοιαύτας
786 1245 846 1307 οἰας
865 1247 997 1307 ε’κείνοισι

196 1335 320 1411 πρέπει·”
340 1335 356 1396 ὁ
369 1338 421 1414 μὲν
432 1335 466 1411 δη
476 1334 621 1411 δεξάμενος
635 1333 667 1393 τό
681 1333 764 1410 ῥηθὲν
778 1330 995 1395 α’παλλιίσσετο·
1016 1397 1020 1408 ,
1053 1391 1059 1406 ,

150 1423 206 1482 115
216 1424 321 1501 Ξέρξης
329 1424 358 1483 δὲ
369 1422 528 1500 Μαρδόνιον
536 1429 565 1482 ε’ν
573 1423 722 1500 Θεσσαλίῃ
733 1421 900 1495 καταλιπόν,
914 1421 998 1488 αύτδς
1041 1475 1044 1480 .

197 1511 343 1586 ἐπορεύετο
367 1511 438 1570 κατὰ
464 1510 551 1590 τιίχος
573 1516 600 1573 ές
622 1509 672 1570 τόν
692 1508 918 1586 Ἑλλήσποντον·
950 1513 997 1570 καὶ

196 1595 353 1658 ἀπικνέεται
371 1604 398 1662 ἔς
414 1599 463 1658 τόν
479 1598 567 1676 πόρον
583 1601 633 1674 τῆς
649 1596 799 1673 διαβάσιος
813 1602 842 1657 έν
855 1602 937 1658 πέντε
950 1600 997 1658 καὶ

195 1685 403 1763 τεσσεράκοντα
421 1686 551 1766 ἡμέρῃσι,
570 1685 686 1768 ἆπιίγων
702 1689 752 1761 τῆς
772 1691 905 1764 στρατιῆς
918 1686 997 1749 ούδέν

195 1775 287 1850 μέρος,
303 1774 338 1838 οἷς
351 1779 446 1836 εἰπεῖν.
487 1774 553 1836 ὅκου
567 1776 596 1834 δὲ
609 1775 791 1854 πορευόμενοι
804 1777 935 1856 γινοίατο,
950 1777 998 1836 καὶ

197 1861 256 1922 κατ’
270 1862 399 1928 οὕστινας
415 1863 584 1944 ἀνθρώπους,
598 1863 648 1924 τόν
663 1863 766 1924 τούτων
786 1863 892 1940 καρπόν
909 1863 1009 1940 ἆρπιί-·

197 1951 289 2022 ζοντες
307 1953 457 2015 ἐσιτέοντο·
479 1953 545 2013 εἰδὲ
559 1952 667 2031 καρπόν
682 1953 787 2030 μηδένα
802 1951 913 2030 εὕροιεν,
928 1953 998 2011 οἶδὲ

196 2039 248 2116 τὴν
260 2044 343 2118 ποίην
356 2041 407 2118 τὴν
421 2047 451 2102 ἐκ
463 2045 514 2119 τῆς
525 2046 578 2124 γῆς
591 2041 787 2118 ἀναφυομένην
806 2040 851 2098 καὶ
868 2043 923 2100 τῶν
941 2039 997 2099 δεν-

197 2126 281 2205 δρέων
294 2131 343 2190 τόν
357 2130 460 2204 φλοιόν
475 2131 679 2208 περιλέποντες,
695 2129 742 2188 καί
753 2128 789 2188 τό
804 2128 902 2204 φύλλα
916 2153 997 2187 κατα-

197 2216 342 2292 δρέποντες
361 2216 521 2292 κατήσθιον,
537 2217 637 2294 ὁμοίως
651 2221 705 2278 τῶν
718 2243 749 2276 τε
763 2216 871 2294 ἡμέρων
885 2216 998 2278 καὶτῶν

198 2301 309 2383 α’γρίων·
338 2303 384 2361 καὶ
406 2305 517 2364 ἔλειπον
538 2304 626 2365 οὐδέν·
655 2309 744 2364 ταῦτα
766 2303 789 2362 δ’
811 2305 920 2363 ε’ποίευν
942 2302 997 2364 ύπδ

199 2393 295 2466 λιμοῦ·
323 2391 468 2467 ε’πιλαβοίν
495 2393 525 2451 δὲ
552 2392 651 2470 λοιμός
676 2419 708 2453 τε
733 2391 783 2452 τόν
807 2389 929 2468 στρατόν
953 2392 998 2450 καὶ

199 2477 366 2555 δυσεντερίη,
382 2479 441 2539 κατ’
455 2479 520 2541 όδδν
539 2481 687 2559 διέφθειρε·
708 2478 774 2543 τούς
787 2480 816 2539 δέ
830 2479 876 2538 καὶ
888 2479 997 2539 νοσέον-

195 2587 247 2628 τας
268 2564 357 2626 αύτῶν
381 2567 522 2640 κατέλιπε,
545 2567 704 2629 ε’πιτοίσσων
729 2573 797 2646 τῇσι
823 2565 932 2637 πόλισι,
955 2565 998 2626 ἵνα

199 2652 333 2714 ἑκάστοτε
342 2655 448 2736 γίνοιτο
459 2655 587 2730 ἐλαύνων,
599 2657 772 2735 μελεδαίνειν
781 2682 812 2716 τε
821 2655 867 2715 καὶ
877 2655 997 2732 τρέφειν·

199 2744 229 2801 έν
246 2747 395 2822 Θεσσαλιῃ
408 2744 441 2804 τέ
452 2770 535 2814 τινας,
551 2745 596 2802 καὶ
610 2749 639 2804 έν
653 2745 716 2822 Σίρι
728 2749 778 2821 τῆς
796 2744 939 2820 Παιονίης,
955 2743 998 2801 καὶ

544 2831 704 2856 λλέὶθ

200 2832 229 2888 ε’ν
242 2831 411 2910 Μακεδονίῃ·
429 2833 493 2892 ἔνθα
508 2858 554 2891 και
565 2859 598 2892 το
614 2859 673 2911 ιρον
686 2859 762 2910 αρμα
776 2831 937 2892 καταλιπόν
950 2835 998 2891 τοῦ

200 2917 277 2988 Διός,
294 2917 341 2980 ὅτε
359 2920 405 2978 ε’πί
421 2918 472 2995 τήν
485 2919 611 2978 Ἑλλάδα
627 2919 739 2995 ἤλαυνε,
759 2919 848 2980 ιίπιιδν
868 2920 917 2979 οὐκ
936 2918 998 2977 ἀπέ-

199 3007 285 3082 λαβε·
309 3006 387 3066 ιίλλαὶ
403 3005 496 3069 δόντες
512 3009 539 3065 οἶ
560 3009 679 3070 Παίονες
699 3011 776 3067 τοῖσι
796 3007 903 3083 Θρήϊξι,
921 3004 998 3064 ἅπαι-

199 3095 310 3158 τέοντος
323 3094 439 3172 Ξέρξεω,
454 3095 565 3170 ἔφασαν
581 3095 732 3172 νεμομένας
751 3095 931 3172 οἷρπαχθῆναι
947 3090 999 3151 ύτδ

199 3185 255 3241 τῶν
272 3181 328 3243 ἅνω
346 3181 472 3260 Θρηίκων
486 3185 541 3241 τῶν
558 3182 622 3259 περὶ
635 3181 685 3246 τός
697 3182 789 3263 πηγὰς
806 3185 856 3242 τοῦ
874 3179 999 3257 Στρυμό-

169 3267 211 3326 ,16
222 3295 268 3332 νος
283 3271 443 3346 οἰκημένων.
479 3267 570 3330 Ἔνθα
584 3269 629 3328 καὶ
643 3269 726 3329 ὁτῶν
740 3269 904 3328 Βισαλτέων
918 3269 1000 3344 βασι·
