2294 3430
143 115 188 160 ιιι
450 109 633 159 Ἦυοιουου
859 105 936 172 [vu

138 191 237 252 πεκέας
251 190 360 268 ἔχοντες
374 187 580 264 ἐστρατεύοντο,
594 188 658 265 περὶ
672 187 701 248 δὲ
714 187 747 248 τδ
761 190 845 266 σῶμα
858 190 937 250 κιθῶ·

139 303 196 338 νας·
224 277 269 336 ε’πὶ
292 277 329 343 δὲ,
349 274 438 352 ζειράς
460 276 702 352 περιβεβλημένοι
722 277 859 346 ποικίλας,
874 279 939 354 περὶ

139 364 168 422 δὲ
188 364 252 426 τούς
273 363 360 426 πόδας
381 389 411 422 τε
433 363 479 420 καὶ
499 362 550 425 τάς
572 363 677 439 κνήμας
698 364 799 422 πέδιλα
820 366 942 440 νεβρῶνῒ

137 451 207 528 πρός
223 451 260 520 δὲ,
276 449 389 510 άκόντιά
409 477 440 510 τε
461 451 506 509 καὶ
526 452 631 514 πέλτας
645 451 691 509 καὶ
704 451 853 531 ἐγχειρίδια
873 478 937 529 σμι-

139 539 197 616 κρά
243 536 331 619 (οὗτοι
351 538 381 597 δὲ
402 537 549 614 διαβάντες
561 540 613 614 μὲν
627 544 654 602 ές
667 537 719 612 τὴν
731 537 840 614 Ἀσίην,
856 541 937 615 ε’κλή-

141 628 233 702 θησαν
247 628 369 686 Βιθυνοί·
389 627 422 686 τό
437 627 466 704 δὲ
479 625 614 703 πρότερον
635 627 791 695 ἐκαλέοντο,
806 625 841 689 ὥς
858 627 937 688 αὐτοὶ

137 716 263 796 λέγουσι,
279 715 452 792 Στρυμόνιοι,
468 716 601 777 οἰκέοντες
614 715 659 773 ε’πὶ
674 713 821 790 Στρυμόνι·
843 715 937 784 ε’ξανα-

138 806 238 878 στῆναι
257 803 288 862 δέ
303 810 377 878 φασι
396 804 427 872 ἐξ
443 802 533 878 η’θέων
553 801 608 862 ύπδ
622 806 748 879 Τευκρῶν
763 828 794 861 τε
815 805 861 861 καὶ
875 810 935 864 Μυ-

90 892 127 950 76
138 891 217 968 σῶν.)
259 892 385 967 Θρηίκων
398 890 428 949 δὲ
440 893 495 950 τῶν
512 895 540 950 ε’ν
553 894 589 968 τῇ
601 889 685 968 Ἀσίη
698 888 769 967 ἦρχε
782 890 937 967 Βασσάκης

137 977 154 1036 ά
166 977 354 1056 Ἀρταβάνου.
390 976 552 1040 ...άσπίδας
566 977 595 1036 δὲ
609 976 767 1053 ὠμοβοΐνας
781 976 856 1056 εἶχον
870 1003 936 1053 σμι-

138 1065 212 1143 κράς,
232 1067 279 1126 καὶ
296 1066 458 1144 προβόλους
476 1065 525 1124 δύο
545 1065 711 1146 λυκοεργέας
730 1065 847 1128 ἕκαστος
869 1065 935 1145 εἶχε·

137 1155 182 1212 ἐπὶ
195 1153 225 1214 δὲ
238 1159 306 1232 τῇσι
319 1158 463 1232 κεφαλῇσι
478 1151 578 1230 κράνεα
594 1149 713 1232 χ’άλκεά·
734 1152 804 1228 πρός
817 1153 847 1212 δὲ
859 1158 936 1214 τοῖσι

137 1239 259 1318 κράνεσι,
285 1241 341 1302 ὦτά
364 1268 396 1302 τε
420 1241 466 1299 καὶ
487 1241 567 1317 κέρεα
590 1243 702 1316 προσῆν
724 1239 795 1316 βοός
816 1240 935 1318 χάλκεα·

136 1332 246 1404 ε’πῆσαν
259 1329 289 1388 δὲ
304 1329 349 1388 καὶ
363 1328 460 1404 λόφοι·
481 1327 531 1390 τοὶς
551 1329 581 1388 δὲ
602 1327 707 1404 κνήμας
727 1325 825 1404 ῥάκεσι
846 1334 936 1404 φοινι-

137 1417 226 1477 κέοισι
248 1417 435 1496 κατειλίχατο.
478 1416 519 1494 (ἓν
544 1415 670 1476 τούτοισι
696 1415 815 1492 άνδράσι
835 1414 936 1492 Ἀρεός

88 1503 125 1563 77
136 1509 197 1563 ε’στι
210 1503 405 1584 χρηστήριον.)
443 1504 594 1579 Καβηλέες
608 1503 645 1573 δὲ,
657 1507 684 1564 οἱ
697 1504 827 1579 Μηίονες,
840 1503 946 1566 Λασό.

135 1617 188 1651 νιοι
205 1591 234 1650 δὲ
255 1591 427 1668 καλεύμενοι,
441 1591 493 1667 τήν
514 1590 600 1667 αύτην
613 1592 711 1662 Κίλιξι
732 1591 807 1670 εἶχον
823 1591 935 1668 σκευήν·

135 1679 187 1755 τὴν
201 1679 263 1760 ε’γιδ,
278 1678 361 1739 ε’πεάν
375 1679 445 1740 κατά
460 1678 511 1756 τὴν
526 1681 650 1740 Κιλίκων
667 1679 745 1750 τάξιν
764 1679 870 1750 διεξιιδν
890 1680 935 1761 γέ-

136 1793 231 1843 νωμαι,
249 1767 314 1827 τότε
331 1769 471 1844 σημανέω.
513 1767 622 1827 Μιλύαι
644 1768 673 1827 δὲ
691 1766 794 1846 αἰχμάς
814 1792 846 1826 τε
864 1768 935 1844 βρα-
1012 1777 1018 1793 ’

135 1855 202 1932 χέας
226 1854 309 1934 εἶχον,
337 1856 382 1914 καὶ
409 1857 508 1932 εἵματα
536 1856 765 1932 ἐνεπεπορπέατο.
808 1854 885 1933 εἶχον
905 1855 936 1914 δὲ

85 1963 95 1980 ⁸
136 1941 225 2002 αὐτῶν
244 1941 313 2012 τόξα
332 1942 504 2022 μετεξέτεροι
518 1943 618 2004 Λύκια·
639 1943 704 2020 περὶ
718 1942 747 2002 δὲ
760 1945 828 2021 τῇσι
849 1948 934 2018 κεφα-

135 2033 206 2108 λῇσι
232 2035 262 2090 ἐκ
289 2023 441 2108 διφθερέων
466 2032 653 2108 πεποιημένας
677 2031 781 2094 κυνέας.
829 2030 935 2093 τούτων

89 2116 126 2176 78
135 2116 244 2178 πάντων
256 2117 326 2197 ἦρχε
340 2118 449 2196 Βάδρης
462 2118 478 2178 ά
491 2119 651 2182 Ὑστάνεος.
693 2118 811 2198 Μόσχοι
828 2119 858 2178 δὲ
870 2121 935 2196 περὶ

134 2207 185 2280 μὲν
204 2210 273 2284 τῇσι
294 2211 438 2285 κεφαλῇσι
460 2208 555 2270 κυνέας
576 2207 687 2276 ξυλίνας
709 2206 792 2285 εἶχον,
813 2206 935 2271 α’σπίδας

136 2291 166 2351 δὲ
179 2294 225 2351 καὶ
238 2293 341 2372 αἰχμάς
361 2293 491 2370 σμικράς·
513 2293 617 2374 λόγχαι
630 2295 660 2354 δὲ
674 2298 785 2369 ε’πῆσαν
801 2293 934 2375 μεγάλαι.

137 2382 291 2457 Τιβαρηνοὶ
312 2381 342 2440 δὲ
360 2382 406 2440 καὶ
423 2380 573 2458 Μάκρωνες
594 2383 640 2440 καὶ
658 2381 832 2442 Μοσύνοικοι
853 2382 936 2442 κατά-

135 2493 188 2544 περ
203 2467 320 2548 Μόσχοι
333 2469 534 2546 ἐσκευασμένοι
550 2468 758 2546 έστρατεύοντο·
778 2469 892 2533 τούτους
905 2469 937 2529 δὲ

138 2556 315 2615 συνέτασσον
333 2553 464 2636 ἄρχοντες
484 2557 551 2618 οἶδε·
572 2557 710 2636 Μόσχους
722 2559 774 2633 μὲν
788 2557 833 2616 καὶ
846 2558 935 2635 Τιβα-

135 2642 241 2718 ρηνούς,
256 2642 439 2721 Ἀριόμαρδος
455 2644 470 2706 ὁ
485 2647 605 2723 Δαρείου
617 2670 648 2704 τε
661 2647 728 2707 ταῖς
741 2643 787 2702 καὶ
801 2644 935 2722 Πάρμυος

134 2733 184 2806 τῆς
203 2731 336 2809 Σμέρδιος
353 2736 403 2792 τοῦ
424 2732 528 2810 Κύρου,
549 2733 705 2810 Μάκρωνας
726 2731 755 2790 δὲ
777 2732 822 2790 καὶ
836 2737 935 2792 Μοσυ-

134 2820 240 2884 νοίκους
252 2818 422 2898 Ἀρταΰκτης
444 2822 460 2882 ὁ
473 2821 644 2900 Χεράσμιος,
658 2819 689 2882 ὃς
702 2818 815 2895 Σηστόν
833 2819 886 2896 τήν
906 2825 936 2881 έν

88 2907 124 2966 79
134 2905 337 2989 Ἑλλησπόντῳ
358 2908 532 2987 ἐπετρόπευε.
575 2910 672 2983 Μᾶρες
693 2905 722 2965 δὲ
743 2906 789 2966 ἐπὶ
803 2908 935 2986 μὲντῇσι

135 3000 279 3075 κεφαλῇσι
301 2996 401 3075 κράνεα
424 2995 557 3076 ε’πιχιόρια
578 2992 686 3054 πλεκτά
709 2993 793 3071 εἶχον,
813 2993 936 3057 ἀσπίδας

135 3081 164 3140 δὲ
177 3084 338 3161 δερματίνας
352 3085 472 3162 σμικράς
483 3083 529 3142 καὶ
542 3081 666 3142 άκόντια.
701 3080 814 3159 Κόλχοι
828 3081 857 3140 δὲ
869 3082 935 3159 περὶ

134 3172 185 3240 μὲν
200 3176 268 3250 τῇσι
282 3177 427 3252 κεφαλῇσι
441 3170 541 3249 κράνεα
555 3169 662 3240 ξύλινα,
676 3167 797 3231 άσπίδας
813 3168 843 3227 δὲ
863 3168 934 3245 ὤμο-

138 3257 232 3324 βοΐνας
253 3261 373 3336 σμικράς
395 3259 498 3338 αἰχμάς
520 3283 551 3318 τε
575 3257 710 3336 βραχέας·
732 3255 803 3330 πρὸς
825 3255 864 3328 δέ,
889 3255 937 3314 καλ
