2240 3424
165 95 275 160 ιιι-ιι]
478 95 666 145 mmm.
919 96 966 146 ιιι
1033 82 1035 92 “

166 177 315 249 τηνικαῦτα
328 175 511 252 προσελάσας
525 175 599 254 ῖππιρ
616 173 687 252 πρός
704 173 754 236 τὰς
770 172 899 248 φυλακάς
915 173 966 239 τάς

166 261 319 335 Ἀθηναίων
339 260 523 340 Ἀλέξανδρος
545 261 562 324 ό
584 261 733 339 Ἀμύντεω,
757 259 916 341 στρατηγός
935 286 968 322 τε

167 346 218 406 ἐῶν
231 349 276 407 καὶ
288 349 428 425 βασιλεῦς
441 350 617 421 Μακεδόνων,
632 349 738 425 ἐδίζητο
754 352 831 408 τοῖσι
848 374 967 424 στρατη-

165 438 244 514 γοῖσι
268 441 295 500 ἐς
317 437 420 519 λόγους
443 439 543 499 ἐλθεῖν·
577 443 632 501 τοῖν
654 438 684 497 δέ
706 436 839 514 φυλάκων
865 439 891 496 οἱ
917 439 968 513 μὲν

167 526 282 588 πλεῦνες
295 527 458 602 παρέμενον,
473 529 499 586 οἱ
512 525 535 586 δ’
553 527 629 588 ἔθεον
643 525 689 586 ἐπὶ
703 525 767 590 τούς
783 524 967 606 στρατηγούς·
1051 603 1053 606 Ι

167 609 295 674 ἐλθόντες
313 612 343 670 δέ
362 614 466 693 ἔλεγον,
482 612 517 678 οῖς
537 612 681 691 ἅνθρωπος
700 612 763 688 ἥκοι
779 611 820 672 ἐπ’
835 613 921 672 ἵππου
937 617 968 671 ἐκ

167 700 218 756 τοῦ
241 699 431 775 στρατοπέδου
454 704 504 760 τοῦ
528 701 641 777 Μήδων,
668 699 699 763 ὃς
720 698 794 760 ἄλλο
814 702 866 777 μὲν
890 699 968 760 οὐδὲν

98 847 100 853 A
167 790 346 866 παραγυμνοῖ
362 788 433 860 ἐπος,
454 788 629 868 στρατηγοδς
645 789 675 847 δέ
695 786 845 864 ὀνομάζων,
863 787 968 848 ἐθέλειν

166 873 241 948 φησὶ
255 879 282 938 ἐς
294 873 398 955 λόγους
411 876 512 936 ἐλθεῖν.
554 878 591 934 Οἱ
609 875 638 934 δὲ
653 875 712 934 ἐπεὶ
730 877 819 933 ταῦτα
832 872 966 948 ἤκουσαν,
976 877 1015 936 45

165 958 265 1020 αὐτίκα
292 962 403 1022 εἵποντο
428 967 455 1026 ἐς
476 962 526 1027 τὰς
550 961 688 1038 φυλακάς·
723 960 918 1038 ἀπικομένοισι
939 961 968 1020 δέ

166 1047 246 1128 ἔλεγε
266 1048 450 1128 Ἀλέξανδρος
467 1050 541 1110 τάδε·
570 1049 691 1127 “άνδρες
707 1047 859 1122 Ἀθηναῖοι,
880 1074 968 1126 παρα-

167 1134 254 1211 θήκην
270 1136 335 1214 όμῖν
352 1137 389 1197 τοὶ
407 1138 474 1196 ἔπεα
491 1137 557 1198 τάδε
575 1138 695 1214 τίθεμαι,
715 1134 860 1213 ἀπόρρητα
875 1135 968 1218 ποιεό-

164 1249 248 1299 μενος
261 1223 332 1300 πρός
344 1225 449 1302 μηδένα
462 1226 556 1308 λέγειν
565 1225 651 1301 όμέας
664 1219 783 1298 όλλονή
794 1225 967 1300 Παυσανίην,

165 1309 207 1388 μή
227 1337 263 1389 με
285 1311 332 1370 καὶ
355 1313 543 1390 διαφθείρητε·
571 1311 603 1372 οὐ
624 1311 679 1393 γάρ
700 1308 734 1371 ἂν
756 1311 861 1391 ἐλεγον,
885 1315 908 1370 εἰ
928 1311 969 1389 μή

165 1398 293 1478 μεγάλως
313 1399 450 1477 ἐκηδόμην
468 1399 634 1476 συναπάσης
649 1402 700 1475 τῆς
718 1397 866 1461 Ἑλλάδος·
888 1397 970 1462 αὐτός

165 1511 196 1546 τε
209 1487 264 1567 γάρ
272 1486 385 1563 Ἕλλην
397 1489 477 1569 γένος
493 1489 549 1564 εἰμὶ
566 1485 712 1568 τώρχαῖον,
727 1486 773 1546 καὶ
789 1483 847 1546 ἄντ’
861 1487 969 1546 ἐλευθέ-

165 1600 216 1652 ρης
228 1573 434 1652 δεδουλωμένην
444 1575 494 1636 οὖκ
507 1574 542 1636 ἂν
555 1577 680 1653 ἐθέλοιμι
693 1574 762 1653 ὁρᾶν
770 1573 822 1650 τήν
831 1573 968 1634 Ἐλλάδα·

165 1662 240 1743 λέγω
261 1662 291 1722 δέ
311 1661 356 1733 ὧν,
379 1662 422 1724 ὅτι
444 1663 592 1744 Μαρδονίῳ
614 1689 644 1723 τε
666 1663 712 1722 καὶ
732 1667 768 1743 τῇ
792 1665 911 1741 στρατιῇ
932 1660 968 1723 τά

166 1749 278 1832 σφάγια
292 1750 325 1811 οὖ
343 1750 456 1812 δύναται
474 1753 631 1828 καταθύμια
648 1752 798 1833 γενέσθαι·
811 1749 901 1810 πάλαι
913 1749 969 1831 γάρ

166 1835 200 1898 ἂν
214 1839 364 1918 ἐμάχεσθε·
386 1844 435 1900 νῦν
447 1840 479 1899 δέ
499 1843 526 1898 οἱ
539 1839 664 1898 δέδοκται
677 1837 713 1898 τοὶ
727 1841 779 1915 μὲν
795 1837 908 1918 σφάγια
921 1841 969 1903 ἐᾶν

165 1927 281 2004 χαίρειν,
308 1925 367 2002 ἅμα
393 1925 483 2003 ἡμέρη
510 1926 539 1984 δὲ
572 1923 788 2002 διαφαυσκοόση
816 1924 969 1999 συμβολήν

167 2013 322 2072 ποιέεσθαι·
350 2011 543 2090 καταρρώδηκε
562 2011 618 2092 γάρ
641 2011 681 2088 μή
704 2014 821 2072 πλεῦνες
845 2014 968 2090 συλλεχ-

167 2100 242 2176 θῆτε,
254 2098 292 2164 οῖς
306 2099 359 2181 ἐγῶ
370 2099 476 2171 εἰκάζω.
510 2098 580 2177 πρός
589 2103 677 2158 ταῦτα
691 2097 880 2174 ἑτοιμάζεσθε·
893 2095 928 2173 ἢν
937 2097 967 2158 δέ

166 2187 222 2265 άρα
234 2186 429 2266 ὑπερβάληται
444 2187 497 2265 τήν
512 2185 667 2264 συμβολήν
688 2185 855 2262 Μαρδόνιος,
870 2184 916 2244 καὶ
928 2184 968 2262 μή

167 2280 287 2353 ποιῆται,
311 2276 458 2353 λιπαρέετε
476 2275 613 2354 μένοντες·
634 2273 737 2355 ὀλίγων
754 2271 809 2355 γάρ
828 2278 884 2349 σφι
902 2271 969 2350 ἤμε-

165 2365 236 2442 ρέων
261 2365 388 2426 λείπεται
412 2365 495 2426 σιτία
539 2361 574 2440 ἣν
597 2363 627 2422 δέ
650 2361 721 2440 ὗμῖν
739 2359 756 2422 ό
777 2359 903 2438 πόλεμος
923 2359 969 2420 ὅδε

167 2453 237 2513 κατὰ
250 2452 315 2514 νόον
332 2453 498 2532 τελευτήσῃ,
516 2451 680 2530 μνησθῆναί
692 2475 754 2510 τινα
770 2448 827 2529 χρή
844 2448 889 2508 καὶ
903 2452 968 2526 ἐμεῦ

167 2540 365 2616 ἐλευθερώσιος
384 2542 457 2619 πέρι,
471 2539 503 2605 ὃς
521 2538 666 2616 Ἑλλήνων
687 2539 776 2598 εἵνεκα
796 2535 867 2596 οὕτω
887 2536 968 2617 ἔργον

167 2626 335 2703 παράβολον
356 2630 496 2710 ἔργασμαι
514 2626 569 2688 ὑπό
596 2626 759 2704 προθυμίης,
780 2625 884 2686 ἐθέλων
902 2623 968 2701 ὖμῖν

168 2713 295 2789 δηλῶσαι
314 2716 366 2791 τήν
384 2716 506 2776 διάνοιαν
525 2715 577 2791 τήν
592 2714 762 2792 Μαρδονίου,
781 2713 827 2773 ἶνα
847 2712 887 2790 μή
909 2716 967 2770 ἐπι-

168 2800 278 2860 πέσωσι
296 2801 361 2880 ὖμῖν
380 2806 407 2862 οἶ
422 2802 569 2881 βάρβαροι
587 2801 628 2880 μή
648 2799 902 2879 προσδεκομένοισί
920 2823 968 2856 κω.

169 2888 224 2964 εἲμὶ
250 2888 280 2948 δὲ
304 2887 488 2965 Ἀλέξανδρος
514 2888 530 2949 ό
556 2886 719 2948 Μακεδάν.”
760 2886 777 2946 ό
807 2888 859 2964 μέν
880 2887 968 2944 ταῦτα

169 2975 247 3038 εἴπας
264 2974 407 3052 άπήλαυνε
428 2976 519 3037 ὀπίσω
538 2980 566 3040 ἐς
584 2976 618 3038 τό
637 2973 828 3053 στρατόπεδον
848 2971 894 3031 καὶ
917 2969 968 3046 τήν

169 3065 270 3122 ἐωυτοῦ
283 3063 371 3134 τάξιν.

210 3153 248 3210 Οἱ
261 3149 291 3210 δέ
308 3151 463 3234 στρατηγοὶ
479 3155 535 3214 τοῖν
550 3151 713 3229 Ἀθηναίων,
727 3148 855 3213 ἐλθόντες
872 3145 918 3207 ἐπὶ
936 3143 1017 3205 τό46

116 3251 122 3258 “
169 3238 259 3309 δεξιόν
292 3241 380 3320 κέρας,
414 3242 512 3322 ἔλεγον
545 3240 695 3318 Παυσανίη
725 3237 814 3316 τάπερ
843 3236 970 3312 ἥκουσαν
