2280 3432
145 115 285 182 ιιι-ιιι]
352 179 354 185 ,
466 118 619 169 ουτιιιιι.
772 167 775 172 ,
896 118 944 168 265

145 224 226 270 σατο,
240 199 331 278 λέγων
344 196 380 261 ὦς
392 201 417 256 εἰ
428 197 469 274 μή
486 196 610 258 δώσουσι
622 197 655 258 τδ
670 195 836 275 αἰτεόμενον,
851 197 946 268 ἐπάξει

144 284 197 361 τήν
217 285 352 363 στρατιήν
368 289 423 346 τῶν
442 285 587 362 Ἑλλήνων
607 285 654 344 καὶ
677 287 848 363 πολιορκέων
875 287 946 356 ἐξαι-

145 373 237 451 ρήσει·
258 375 349 455 λέγων
364 371 401 433 ὧν
419 378 515 444 ταῦτα,
533 375 667 454 συνέλεγε
684 374 816 454 χρήματα
834 374 946 456 μεγάλα

146 462 223 540 παρά
243 462 410 539 Καρυστίων
429 488 461 522 τε
481 463 527 521 καὶ
547 462 670 540 Παρίων·
698 462 725 521 οἳ
744 461 947 540 πυνθανόμενοι
973 483 977 490 ·

145 551 198 626 τήν
216 577 247 611 τε
262 549 383 626 Ἄνδρον
403 549 438 614 ὦς
457 551 652 627 πολιορκέοιτο
672 549 742 610 διότι
760 549 883 627 ἐμήδισε,
901 551 947 610 καὶ

147 638 343 715 Θεμιστοκλέα
357 637 393 700 ὥς
407 638 448 714 εἴη
462 643 492 697 ἐν
504 639 567 716 αἴνῃ
577 639 697 719 μεγίστῃ
707 641 763 698 τῶν
773 644 946 721 στρατηγῶν,

148 725 288 788 δείσαντες
305 728 401 794 ταῦτα,
416 726 540 801 ἔπεμπον
557 724 699 803 χρήματα.
741 726 810 784 εἰδὲ
829 727 864 804 δή
876 725 948 792 τινες

149 814 195 870 καὶ
211 811 296 871 ἄλλοι
312 812 414 872 ἔδοσαν
431 812 594 888 νησιωτέων,
614 811 663 871 οὔκ
678 814 732 891 ἔχω
746 816 840 873 εἰπεῖν·
862 815 947 874 δοκέω

149 899 181 958 δέ
192 925 268 964 τινας
281 899 327 958 καὶ
345 897 450 962 ἄλλους
466 899 568 968 δοῦναι,
582 899 629 958 καὶ
647 898 679 958 ού
693 898 808 963 τούτους
820 901 947 978 μούνους·

150 989 239 1048 καίτοι
253 987 444 1063 Καρυστίοισί
451 1013 484 1068 γε
495 985 573 1046 οὐδὲν
586 987 685 1047 τούτου
697 987 786 1046 εἵνεκα
798 991 848 1047 τοῦ
863 993 948 1048 κακοῦ

149 1075 298 1153 ύπερβολή
313 1075 431 1156 ἐγένετο·
452 1073 556 1150 Πάριοι
570 1074 599 1134 δέ
612 1074 808 1151 Θεμιστοκλέα
820 1075 949 1154 χρήμασι

151 1162 317 1241 ἱλασάμενοι
335 1163 466 1244 διέφυγον
483 1163 517 1224 τό
531 1162 700 1239 στράτευμα.
741 1165 950 1240 Θεμιστοκλέης

150 1253 203 1328 μέν
229 1278 284 1321 νυν,
313 1251 344 1320 ἐξ
363 1250 483 1329 Ἄνδρου
510 1250 691 1329 ὁρμειόμενος,
719 1251 851 1331 χρήματα
873 1252 950 1328 παρά

151 1340 305 1416 νησιωτέων
319 1341 426 1400 ἐκτέετο
439 1339 531 1416 λάθρη
544 1343 599 1400 τῶν
611 1339 708 1400 ἄλλων
720 1342 894 1421 στρατηγῶν.

150 1421 152 1425 ⁴
193 1431 230 1486 Οἱ
252 1427 275 1486 δ’
296 1427 371 1504 ἀμφὶ
393 1428 498 1504 Ξέρξεα
520 1427 683 1508 ἐπισχόντες
705 1427 803 1509 ὀλίγας
825 1427 997 1505 ἦμέρας113

151 1515 222 1594 μετά
244 1515 296 1592 τήν
319 1518 482 1596 ναυμαχίην,
508 1515 655 1586 ἐξέλαυνον
682 1521 710 1580 ἐς
736 1516 874 1579 Βοιωτούς
898 1515 950 1592 τήν

153 1603 239 1682 αύτήν
257 1604 330 1666 ὁδόν·
351 1605 427 1676 ἔδοξε
444 1605 560 1687 γάρκαὶ
576 1605 733 1685 Μαρδονίῳ,
748 1604 806 1682 ἅμα
818 1607 870 1682 μὲν
883 1631 950 1682 προ-

152 1693 262 1773 πέμψαι
274 1693 402 1771 βασιλέα
412 1692 470 1770 ἅμα
481 1693 511 1752 δέ
521 1692 639 1770 άνωρίην
650 1693 719 1754 εἶναι
726 1699 776 1754 τοῦ
784 1695 858 1758 ἔτεος
867 1697 951 1753 πολε·

153 1781 238 1859 μέειν·
259 1783 417 1861 χειμερίσαι
429 1807 461 1841 τε
474 1779 586 1856 ἄμεινον
604 1781 673 1842 εἶναι
687 1787 716 1842 ἐν
733 1783 891 1859 Θεσσαλίῃ,
905 1782 952 1840 καὶ

141 1871 248 1928 -έπειτα
268 1869 327 1945 ἅμα
346 1873 384 1947 τῷ
405 1870 463 1944 ἔαρι
482 1869 635 1944 πειρᾶσθαι
652 1873 701 1943 τῆς
720 1868 949 1942 Πελοποννήσου.

148 1955 190 2018 ἰός
200 1956 230 2013 δέ
240 1953 358 2014 ἀπίκατο
370 1959 398 2016 ἐς
410 1954 463 2028 τήν
476 1954 648 2028 Θεσσαλίην,
663 1955 781 2014 ἐνθαῦτα
794 1954 952 2030 Μαρδόνιος

155 2041 298 2122 ἐξελέγετο
312 2040 436 2119 πρώτους
454 2039 517 2121 [μὲν
536 2039 664 2122 Πέρσας]
676 2039 782 2104 πάντας
794 2041 857 2104 τούς
869 2041 952 2102 Ἀθα-

154 2130 253 2194 νάτους
265 2127 457 2206 καλεομένους,
471 2127 548 2204 πλήν
560 2127 708 2206 Ὑδάρνεος
719 2133 770 2188 τοΰ
783 2133 953 2210 στρατηγοῦ·

156 2217 248 2300 (οὗτος
260 2217 315 2300 γάρ
334 2217 383 2278 οὐκ
400 2217 455 2293 ἔφη
472 2217 623 2295 λείψεσθαι
639 2217 799 2298 βασιλέος)
826 2217 897 2293 μετὰ
915 2217 953 2287 δέ,

155 2311 210 2368 τῶν
230 2306 326 2368 ἄλλων
347 2303 482 2384 Περσέων
503 2304 569 2368 τούς
593 2305 815 2382 θωρηκοφόρους,
838 2305 883 2364 καὶ
902 2304 955 2380 τήν

157 2396 243 2456 ἵππον
263 2395 315 2472 τήν
337 2395 442 2475 χιλίην·
472 2393 518 2454 καὶ
541 2392 656 2467 Μήδους
676 2419 707 2452 τε
726 2395 772 2452 καὶ
790 2392 890 2462 Σάκας,
910 2392 956 2452 καὶ

157 2485 310 2560 Βακτρίους
331 2508 362 2543 τε
383 2483 432 2542 καὶ
454 2481 566 2551 Ἰνδούς,
591 2481 637 2540 καὶ
659 2481 708 2542 τόν
729 2481 813 2553 πεζόν
837 2482 883 2540 καὶ
904 2481 957 2557 τήν

159 2569 254 2629 ἵππον.
288 2575 377 2630 ταῦτα
398 2573 450 2647 μὲν
473 2571 552 2631 ἔθνεα
579 2569 634 2630 ὅλα
661 2570 762 2629 εἵλετο·
797 2575 826 2628 ἐκ
849 2569 879 2628 δέ
902 2573 957 2629 τῶν

158 2656 255 2716 ἄλλων
264 2657 420 2736 συμμάχων
431 2657 573 2738 ἐξελέγετο
588 2656 646 2717 κατ’
659 2657 780 2738 ὀλίγους,
794 2661 871 2717 τοῖσι
885 2655 957 2716 εἴδεά

158 2770 189 2806 τε
201 2743 311 2823 ὑπῆρχε
325 2743 460 2825 διαλέγων
474 2746 520 2804 καὶ
530 2749 553 2804 εἰ
563 2744 656 2804 τέοισί
662 2771 691 2804 τι
699 2744 825 2824 χρηστόν
836 2745 958 2805 συνείδεε

159 2833 354 2908 πεποιημένον.
384 2836 413 2890 ἐν
423 2832 460 2904 δέ,
472 2835 608 2893 πλεῖστον
622 2833 699 2895 ἔθνος
712 2831 834 2909 Πέρσας
842 2832 957 2910 αἱρέετο,

159 2920 261 2997 ἄνδρας
273 2919 502 2996 στρεπτοφόρους
521 2946 552 2980 τε
572 2921 619 2978 καὶ
636 2919 835 2998 ψελιοφόρους·
857 2920 903 2977 ἐπὶ
920 2919 956 2993 δὲ,

159 3007 284 3084 Μήδους·
305 3004 395 3087 (οὗτοι
410 3005 440 3064 δὲ
457 3007 567 3082 πλῆθος
584 3009 636 3085 μὲν
654 3006 705 3066 ούκ
719 3007 873 3068 ἐλάσσονες
885 3004 960 3080 ἦσαν

159 3101 215 3158 τῶν
237 3095 372 3173 Περσέων
389 3093 467 3173 ῥώμη
488 3095 517 3153 δὲ
538 3095 676 3176 ἐσσονες·)
704 3094 777 3154 ὥστε
797 3093 961 3170 σύμπαντας

159 3184 310 3266 τριήκοντα
321 3182 457 3262 μυριάδας
470 3183 601 3264 γενέσθαι
615 3183 669 3244 σύν
683 3186 808 3243 ἱππεῦσι.

200 3274 250 3338 Ἐν
263 3276 293 3335 δὲ
305 3273 393 3352 τούτῳ
405 3275 444 3351 τῷ
457 3269 556 3352 χρόνῳ,
570 3275 599 3330 ἐν
614 3275 653 3349 τῷ
669 3269 827 3348 Μαρδόνιός
844 3295 875 3329 τε
890 3269 942 3346 τήν
951 3271 993 3329 11Ι
