2240 3424
175 97 223 144 σω
481 93 663 143 Ἦνοιοσοτ
912 91 974 157 [ιιι.

176 175 206 236 εὖ
222 175 402 252 ἐστρωμένας,
418 174 464 234 καὶ
481 175 618 252 τραπέζας
637 199 669 234 τε
688 173 810 252 χρυσέας
830 173 877 232 καὶ
891 172 977 255 ἀργυ-

175 264 248 340 ρέας,
273 263 318 321 καὶ
344 262 524 339 παρασκευήν
543 262 762 344 μεγαλοπρεπέα
781 266 833 320 τοῦ
854 261 977 334 δείπνου,

167 350 349 431 έκπλαγέντα
377 350 414 410 τά
441 351 609 426 προκείμενα
640 348 741 429 ἀγαθά,
771 353 903 407 κελεῦσαι
930 350 977 408 ἐπὶ

173 437 276 518 γέλωτι
293 435 357 500 τούς
375 439 475 496 έωυτοῦ
494 435 636 512 διηκόνους
651 434 866 512 παρασκευάσαι
878 441 976 496 Λακω-

174 523 249 586 νικόν
258 523 377 584 δεῖπνον·
392 523 427 587 ὥς
440 523 469 582 δὲ
476 527 527 599 τῆς
535 523 629 599 θοίνης
641 523 804 598 ποιηθείσης
816 522 852 598 ἦν
864 524 977 584 πολλόν

173 611 207 671 τό
219 612 317 688 μέσον,
326 609 377 671 τόν
387 611 553 686 Παυσανίην
561 610 724 690 γελάσαντα
736 611 976 688 μεταπέμψασθαι

173 701 229 756 τῶν
252 697 397 772 Ἑλλήνων
422 696 488 759 τοῦς
514 695 698 776 στρατηγούς·
731 697 923 757 συνελθόντων
945 698 976 757 δὲ

174 785 299 854 τουτέων,
311 788 397 844 εἰπεῖν
409 783 458 844 τόν
473 784 645 859 Παυσανίην,
656 782 797 844 δεικνύντα
808 788 836 847 ές
845 783 976 862 ἑκατέρην

173 875 223 932 τοῦ
250 871 361 931 δείπνου
386 870 438 947 τήν
464 869 653 948 παρασκευήν·
684 868 805 946 “άνδρες
827 870 975 948 Ἕλληνες,

173 960 258 1020 τῶνδε
272 960 361 1018 εἵνεκα
374 957 428 1039 ε’γυ)
440 957 526 1034 θμέας
539 957 706 1038 συνήγαγον,
721 957 897 1034 βουλόμενος
910 958 975 1035 ὖμῖν

174 1047 254 1106 τοῦδε
274 1049 324 1105 τοῦ
345 1045 450 1122 Μήδων
469 1044 605 1126 ἡγεμόνος
624 1045 676 1120 τήν
696 1043 861 1120 ἀφροσύνην
877 1045 974 1114 δεῖξαι·

174 1132 205 1196 ὃς
217 1133 325 1209 τοιήνδε
338 1133 445 1192 δίαιταν
458 1133 535 1211 ἔχων,
550 1130 621 1207 ἦλθε
634 1136 661 1194 ές
674 1131 763 1207 ἡμέας
779 1130 849 1191 οὕτω
863 1131 975 1210 όῖζυρήν

175 1221 288 1299 ἔχοντας
320 1217 569 1297 ἅπαιρησόμενος·”
604 1223 691 1306 ταῦτα
723 1221 775 1293 μὲν
809 1223 975 1298 Παυσανίην

175 1308 287 1389 λέγεται
296 1311 386 1367 ἐἰπεῖν
398 1306 469 1384 πρός
484 1305 548 1368 τούς
565 1305 739 1387 στρατηγούς
750 1309 806 1367 τῶν
819 1306 971 1386 Ἑλλήνωντ

128 1398 166 1456 83
174 1395 297 1473 Ὑστέριρ
319 1395 415 1471 μέντοι
435 1392 526 1473 χρόνῳ
547 1391 617 1469 μετά
643 1397 731 1453 ταῦτα
752 1394 798 1452 καὶ
818 1397 874 1456 τῶν
894 1400 973 1454 Πλα-

173 1483 271 1542 ταιέων
284 1479 364 1558 εὗρον
380 1481 481 1559 συχνοὶ
499 1479 585 1556 θήκας
603 1483 711 1560 χρυσοῦ
730 1481 776 1539 καὶ
792 1480 914 1562 α’ργιίρου
928 1485 974 1542 καὶ

174 1572 229 1628 τῶν
242 1567 337 1627 ἄλλων
354 1566 512 1646 χρημάτων.
554 1566 644 1642 ε’φάνη
662 1567 692 1625 δὲ
712 1568 757 1626 καὶ
773 1567 837 1627 τόδε
855 1568 974 1647 ὕστερον

175 1655 214 1714 ἔτι
226 1653 337 1724 τούτων,
351 1658 406 1714 τῶν
421 1657 522 1730 νεκρῶν
540 1655 779 1731 περιψιλωθέντων
792 1655 841 1718 ταὶς
855 1656 972 1733 σάρκας·

175 1741 345 1818 συνεφόρεον
375 1740 430 1822 γὰρ
456 1740 492 1799 τά
520 1738 606 1799 ὀστέα
637 1743 663 1800 οἱ
690 1743 845 1805 Πλαταιέες
872 1748 899 1806 ές
926 1745 974 1804 ἕνα

174 1833 275 1909 χῶρον·
297 1828 394 1906 εὗρέθη
413 1826 524 1904 κεφαλή
538 1827 588 1886 οὐκ
606 1829 712 1908 ἔχουσα
727 1829 822 1906 ραφήν
836 1830 972 1907 οὐδεμίαν,
1044 1849 1047 1854 “

175 1916 252 1977 am&
273 1917 304 1986 ἐξ
324 1915 383 1979 ἑνός
404 1920 491 1975 ἐοῦσα
509 1914 619 1975 ὀστέου·
647 1915 737 1992 ἐφάνη
758 1916 851 1976 δὲκαὶ
871 1917 973 1998 γνάθος
1111 1921 1112 1938 ’

176 2005 221 2064 καὶ
233 2005 266 2065 τό
284 2003 339 2064 άνω
354 2009 404 2079 τῆς
419 2003 531 2084 γνάθου,
548 2003 654 2082 ἔχουσα
671 2002 784 2066 ὀδόντας
799 2004 973 2080 μουνοφυέας

175 2092 207 2162 ἐξ
231 2092 290 2154 ένός
311 2091 412 2152 ὀστέου
433 2090 545 2163 πάντας,
567 2089 632 2153 τοός
654 2115 686 2149 τε
706 2088 819 2153 ὀδόντας
841 2091 886 2149 καὶ
908 2091 973 2155 τοθς

175 2180 323 2260 γομφίους·
345 2179 391 2236 καὶ
404 2178 595 2256 πενταπήχεος
608 2175 707 2253 άνδρδς
720 2175 806 2236 ὀστέα
820 2177 918 2254 ε’φόνη.

128 2267 167 2326 84
215 2265 297 2324 Ἐπεί
316 2289 347 2324 τε
368 2263 397 2323 δὲ
417 2264 577 2341 Μαρδονίου
598 2264 710 2342 δευτέρῃ
730 2263 821 2342 ήμέρη
842 2264 858 2324 ὁ
879 2265 974 2341 νεκρός

175 2351 326 2428 ήφάνιιῑτο·
346 2349 391 2410 ὕπ’
405 2350 468 2411 ὅτευ
487 2353 539 2427 μὲν
559 2350 718 2427 άνθριόπων,
739 2350 772 2410 τό
793 2350 903 2428 ἀτρεκὲς
923 2352 975 2412 οὔκ

176 2441 229 2518 ἔχω
249 2441 342 2497 εἰπεῖν·
362 2437 488 2501 πολλοῦς
508 2438 540 2497 δέ
555 2463 631 2501 τινας
651 2437 704 2514 ήδη
723 2437 769 2496 καὶ
781 2437 975 2503 παντοδαποθς

175 2525 284 2602 ἥκουσα
307 2524 395 2601 θάψαι
418 2523 585 2602 Μαρδόνιον,
610 2524 656 2583 καὶ
680 2525 753 2601 δῶρα
775 2524 888 2606 μεγάλα
912 2525 975 2585 οἴδα

175 2612 318 2690 λαβόντας
333 2611 459 2675 πολλοῦς
479 2611 556 2688 παρὰ
571 2610 723 2689 Ἀρτόντεω
743 2615 794 2672 τοῦ
815 2612 976 2688 Μαρδονίου

174 2700 273 2763 παιδός
290 2699 335 2759 διά
353 2703 436 2759 τοῦτο
452 2698 485 2758 τό
506 2700 594 2779 ἔργον.
637 2697 715 2761 ὅστις
728 2699 823 2775 μέντοι
838 2698 873 2774 ἦν
887 2699 976 2760 αὐτῶν

175 2787 191 2848 ό
205 2786 375 2863 ὖπελόμενός
384 2812 415 2846 τε
425 2787 471 2845 καὶ
480 2786 570 2864 θάψας
580 2785 629 2846 τόν
639 2785 735 2863 νεκρόν
745 2787 795 2846 τόν
805 2787 975 2863 Μαρδονίου,

176 2874 209 2934 οὔ
230 2874 347 2951 δύναμαι
367 2872 500 2950 άτρεκέως
519 2873 667 2933 πυθέσθαι·
690 2875 747 2951 ἔχει
762 2873 794 2932 δέ
808 2899 870 2932 τινα
891 2871 975 2948 φάτιν

176 2962 221 3020 καὶ
235 2959 457 3035 Διονυσοφάνης,
468 2957 538 3036 α’νήρ
551 2958 692 3035 Ἐφέσιος,
707 2959 795 3035 θάψαι
806 2959 973 3037 Μαρδόνιον.

129 3051 166 3108 85
175 3047 241 3107 ἀλλ’
257 3047 338 3122 όμέν
353 3044 447 3124 τρόπῳ
465 3045 580 3123 τοιούτῳ
594 3045 694 3121 ε’τάφη.
738 3050 774 3105 Οἱ
793 3047 822 3106 δὲ
834 3045 976 3122 Ἕλληνες

176 3133 212 3196 ιός
224 3137 253 3193 έν
271 3135 436 3208 Πλαταιῇσι
451 3129 504 3206 τήν
519 3132 602 3207 ληίην
618 3132 762 3207 διείλοντο,
778 3134 899 3192 ἔθαπτον
911 3133 976 3195 τούς

177 3223 282 3280 ἑωυτῶν
304 3219 388 3296 χωρὶς
410 3215 530 3278 έκαστοι.
572 3215 786 3294 Λακεδαιμόνιοι
807 3221 859 3295 μέν
880 3219 976 3296 τριξὰς
