2280 3432
160 126 299 193 τοι-ιιι]
499 126 683 178 nomm.
914 131 959 182 τοι

160 211 245 271 πόλιν
257 214 313 268 τῶν
326 213 356 268 ἐν
363 207 492 282 Ἕλλησι
508 207 692 284 προσφέρεαι,
707 207 753 266 καὶ
767 206 867 284 ἄνδρας
880 209 959 285 α’ρίσ-

160 297 250 366 τους.,”
292 296 380 374 κάρτα
406 320 437 355 τε
464 294 498 370 δή
523 292 631 354 ἄπιστα
656 295 747 372 Ξέρξῃ
771 296 900 370 ἐφαίνετο
924 296 961 357 τά

161 385 300 468 λεγόμενα
314 385 391 453 εἶναι,
406 383 452 442 καὶ
465 381 578 459 δεύτερα
596 382 729 459 ἐπειρώτα
747 381 839 442 ὅντινα
855 383 961 460 τρόπον

109 437 143 544 g
160 478 292 534 τοσοῦτοι
312 473 402 535 ἐόντες
417 475 453 549 τῇ
472 474 573 530 ἑωυτοῦ
592 475 711 549 στρατιῇ
728 467 935 549 μαχέσονταιΙ
944 471 961 532 ὅ

162 561 191 620 δὲ
203 562 272 620 εἶπε·
286 559 335 618 “οἰ
347 561 481 636 βασιλεῦ,
493 559 555 636 ἐμοὶ
568 560 694 637 χρᾶσθαι
705 558 740 622 αἷς
750 557 829 636 ἀνδρὶ
842 557 960 638 ψεύστῃ,

161 645 196 724 ἢν
208 649 248 726 μή
261 647 350 708 ταῦτά
363 673 408 707 τοι
420 645 508 725 ταύτῃ
522 648 595 724 ἐκβῇ
608 649 644 724 τῇ
658 646 711 727 ἐγιδ
725 644 824 727 λέγω.”

202 739 296 794 Ταῦτα
314 735 404 816 λέγων
421 733 471 794 οὐκ
491 735 582 793 ἔπειθε
601 734 650 794 τόν
667 735 782 811 Ξέρξεα·
803 736 1008 812 τέσσερας210

161 825 214 900 μὲν
234 822 268 899 δή
286 823 424 899 παρεξῆκε
445 821 558 899 ἡμέρας,
573 823 691 892 ἐλπίζων
709 822 764 880 αἰεί
783 828 875 898 σφεας
893 821 962 881 α’πο-

162 910 327 987 δμήσεσθαι·
348 910 462 988 πέμπτῃ
476 910 513 979 δὲ,
529 908 564 972 ὥς
574 908 623 967 οὐκ
637 908 870 980 ἀπαλλάσσοντο,
885 908 962 968 άλλά

163 1001 189 1056 οἱ
208 999 355 1074 ἐφαίνοντο
374 997 496 1074 ἀναιδείῃ
512 1023 543 1056 τε
561 997 607 1055 καὶ
625 994 749 1075 άβουλίῃ
765 997 961 1075 διαχρεώμενοι

162 1085 261 1160 μένειν,
278 1087 382 1162 πέμπει
397 1082 438 1144 ἐπ’
453 1084 552 1148 αὖτούς
570 1084 685 1160 Μήδους
704 1111 735 1144 τε
756 1085 801 1142 καὶ
822 1085 962 1146 Κισσίους

163 1173 303 1249 θυμωθεὶς,
319 1171 510 1251 ἐντειλάμενός
526 1179 618 1248 σφεας
634 1172 830 1254 ζωγρήσαντας
843 1171 919 1252 άγειν
932 1177 960 1235 ἐς

163 1259 227 1336 ὄψιν
242 1259 294 1334 τῆν
309 1264 419 1320 ἑωυτοῦ·
440 1259 475 1323 οἷς
493 1259 516 1318 δ’
530 1261 668 1320 ἐπέπεσον
682 1261 831 1336 φερόμενοι
850 1265 877 1323 ἐς
894 1259 959 1324 τούς

157 1345 301 1422 Ἕλληνας
318 1351 345 1406 οἱ
362 1349 466 1424 Μῆδοι,
484 1349 599 1408 ἔπιπτον
620 1348 734 1406 πολλοί·
756 1346 841 1407 ἄλλοι
860 1347 883 1406 δ’
899 1353 959 1408 ἐπε-

99 1479 101 1482 -
163 1433 276 1508 σήϊσαν,
291 1435 337 1493 καὶ
351 1435 401 1494 ου’κ
417 1433 605 1496 οἷπελαόνοντο
620 1436 718 1514 καίπερ
730 1436 859 1516 μεγάλως
872 1463 958 1514 προσ-

162 1516 315 1578 πταίοντες·
329 1515 452 1592 δῆλον,δ’
461 1518 568 1576 ἐποίευν
581 1517 667 1577 παντί
677 1542 728 1596 τεῳ
739 1520 785 1576 καὶ
799 1516 848 1576 οὐκ
857 1517 960 1593 ἥκιστα

163 1601 234 1681 αὐτῷ
246 1603 373 1678 βασιλέϊ,
388 1603 432 1664 ὅτι
450 1603 555 1662 πολλοὶ
572 1609 622 1682 μὲν
638 1603 777 1682 ἅνθρωποι
796 1604 850 1664 εἶεν
866 1605 960 1687 ὀλίγοι

162 1690 192 1749 δὲ
205 1690 310 1768 ἄνδρες.
342 1693 446 1772 ἐγίνετο
460 1691 664 1770 δὲῆσυμβολή
676 1692 709 1751 δι’
717 1693 827 1770 ῆμέρης.
861 1691 943 1752 Ἐπεί
948 1696 1003 1754 211

162 1803 193 1837 τε
208 1779 237 1838 δὲ
258 1783 285 1838 οἱ
303 1779 397 1854 Μῆδοι
414 1780 536 1857 τρηχέως
552 1781 734 1857 περιείποντο,
752 1782 869 1842 ἐνθαῦτα
885 1779 962 1840 οὗτοι

159 1868 213 1942 μέν
235 1865 395 1942 ὖπεξήῖσαν,
419 1869 446 1924 οἱ
466 1867 495 1924 δὲ
516 1867 627 1944 Πέρσαι
648 1868 822 1945 ἐκδεξάμενοι
842 1869 962 1944 ἐπήϊσαν

161 1951 226 2014 τούς
238 1951 392 2014 α’θανάτους
405 1951 502 2012 ἐκάλεε
515 1955 661 2028 βασιλεδς,
672 1961 726 2013 τῶν
736 1955 806 2035 ἦρχε
819 1956 960 2032 Ὑδάρνης,

163 2038 198 2099 ὦς
212 2037 245 2112 δή
260 2036 340 2096 οὗτοί
350 2065 384 2119 γε
401 2037 532 2102 εὐπετέως
548 2045 793 2121 κατεργασόμενοι·
815 2043 850 2105 ὦς
868 2043 897 2102 δὲ
916 2044 962 2102 καὶ

160 2122 240 2184 ,οὗτοι
255 2126 428 2207 συνέμισγον
447 2130 523 2186 τοῖσι
538 2126 674 2203 Ἕλλησι,
692 2128 770 2189 οὐδὲν
790 2131 878 2190 πλέον
899 2132 961 2206 ἐφέ-
1031 2191 1032 2194 ,

161 2239 244 2290 ροντο
257 2217 308 2290 τῆς
321 2219 454 2292 στρατιῆς
469 2218 519 2290 τῆς
535 2215 664 2290 Μηδικῆς
677 2213 754 2275 α’λλά
769 2218 805 2276 τά
821 2217 899 2287 αὐτοὶ,
914 2217 962 2278 ἅτε

162 2307 191 2360 ἐν
209 2301 380 2382 στεινοπόρῳ
395 2329 426 2362 τε
443 2301 524 2382 χώρῳ
537 2303 693 2382 μαχόμενοι
710 2303 755 2362 καὶ
774 2305 874 2382 δόρασι
891 2307 962 2384 βρα-

160 2390 303 2468 χυτέροισι
315 2390 467 2470 χρεώμενοι
480 2389 553 2468 ἤπερ
566 2393 593 2450 οὶ
601 2389 747 2467 Ἕλληνες,
762 2393 808 2452 καὶ
821 2393 871 2452 οὐκ
888 2395 962 2473 έχον-

160 2504 204 2540 τες
217 2477 322 2555 πλήθεῖ
334 2479 509 2558 χρήσασθαι.
545 2478 759 2555 Λακεδαιμόνιοι
777 2480 806 2539 δὲ
825 2479 963 2560 ἐμάχοντο

161 2564 242 2634 οἷξίως
254 2566 351 2647 λόγου,
366 2567 443 2626 ἄλλα
455 2593 487 2628 τε
500 2565 725 2644 ἀποδεικνύμενοι
740 2573 769 2627 ἐν
782 2567 832 2628 οὐκ
849 2575 963 2628 ἐπιστα-

48 2660 135 2747 fflq
160 2653 271 2726 μένοισι
284 2652 428 2732 μάχεσθαι
439 2654 658 2732 ἐξεπιστάμενοι,
670 2655 716 2712 καὶ
727 2653 795 2732 ὅμως
805 2658 963 2734 ἐντρέψειαν

70 2784 127 2838 Q
160 2738 196 2798 τοὶ
217 2743 298 2810 νῶτα,
320 2742 401 2804 ἁλέες
422 2743 580 2822 φεύγεσκον
601 2741 694 2816 δῆθεν·
719 2745 745 2801 οἶ
767 2743 796 2802 δὲ
817 2743 963 2821 βάρβαροι

94 2843 128 2887 Q
161 2825 291 2902 ὁρέωντες
305 2829 460 2910 φεύγοντας
476 2831 536 2908 βοῇ
549 2856 580 2890 τε
597 2830 644 2889 καὶ
662 2830 777 2912 πατάγῳ
795 2829 922 2905 ἐπήϊσαν,
937 2835 963 2890 οἱ

161 2912 185 2972 δ’
209 2911 247 2994 Q
267 2916 550 2994 καταλαμβανόμενοι
573 2917 752 2993 ὗπέστρεφον
778 2917 867 2977 α’ντίοι
894 2919 963 2977 εἶναι

160 3004 237 3061 τοῖσι
252 3002 440 3081 βαρβάροισι·
461 3003 721 3081 μεταστρεφόμενοι
739 3006 768 3064 δὲ
784 3006 964 3080 κατέβαλλον

160 3089 265 3167 πλήθεϊ
282 3089 486 3168 ἀναριθμήτους
502 3095 557 3152 τῶν
573 3093 716 3169 Περσέων·
739 3093 853 3150 ἔπιπτον
871 3092 901 3150 δὲ
918 3094 964 3152 καὶ

161 3178 251 3240 αότῶν
273 3183 329 3240 τῶν
350 3178 546 3256 Σπαρτιητέων
570 3181 688 3240 ἐνθαῦτα
712 3179 814 3261 ὀλίγοι.
856 3181 915 3239 ἐπεὶ
934 3181 964 3240 δὲ

160 3265 239 3327 οὐδὲν
259 3266 387 3346 ἐδυνέατο
407 3268 588 3343 παραλαβεῖν
607 3269 635 3326 οἱ
658 3267 770 3342 Πέρσαι
793 3269 844 3340 τῆς
863 3267 964 3330 ἐσόδου

254 3379 279 3400 ιι
299 3372 314 3400 Δ
349 3381 355 3400 ι
394 3353 429 3400 λ·
