<?xml version="1.0" encoding="UTF-8"?>
<!DOCTYPE html PUBLIC "-//W3C//DTD XHTML 1.0 Transitional//EN"
    "http://www.w3.org/TR/xhtml1/DTD/xhtml1-transitional.dtd">
<html xmlns="http://www.w3.org/1999/xhtml" xml:lang="en" lang="en">
 <head>
  <title>
</title>
<meta http-equiv="Content-Type" content="text/html;charset=utf-8" />
  <meta name='ocr-system' content='tesseract 3.04.00' />
  <meta name='ocr-capabilities' content='ocr_page ocr_carea ocr_par ocr_line ocrx_word'/>
</head>
<body>
  <div class='ocr_page' id='page_1' title='image "./herodotusrecens01blakgoog_0020.png"; bbox 0 0 2204 3430; ppageno 0'>
   <div class='ocr_carea' id='block_1_1' title="bbox 49 33 1000 3288">
    <p class='ocr_par' dir='ltr' id='par_1_1' title="bbox 129 33 970 1101">
     <span class='ocr_line' id='line_1_1' title="bbox 130 33 932 128; baseline 0.007 -17"><span class='ocrx_word' id='word_1_1' title='bbox 130 33 241 128; x_wconf 74' lang='grc' dir='ltr'>ια’-ιι]</span> <span class='ocrx_word' id='word_1_2' title='bbox 439 65 642 115; x_wconf 79' lang='grc' dir='ltr'>υωΡνυιοΡΗ.</span> <span class='ocrx_word' id='word_1_3' title='bbox 917 72 932 117; x_wconf 83' lang='grc' dir='ltr'>ο</span> 
     </span>
     <span class='ocr_line' id='line_1_2' title="bbox 129 139 933 226; baseline 0.01 -26"><span class='ocrx_word' id='word_1_4' title='bbox 129 139 232 202; x_wconf 75' lang='grc' dir='ltr'>αότῶν·</span> <span class='ocrx_word' id='word_1_5' title='bbox 246 141 338 204; x_wconf 81' lang='grc' dir='ltr'>εἵπετο</span> <span class='ocrx_word' id='word_1_6' title='bbox 349 141 404 224; x_wconf 81' lang='grc' dir='ltr'>γάρ</span> <span class='ocrx_word' id='word_1_7' title='bbox 415 143 449 220; x_wconf 89' lang='grc' dir='ltr'>δή</span> <span class='ocrx_word' id='word_1_8' title='bbox 459 151 515 222; x_wconf 99' lang='grc' dir='ltr'>σφι</span> <span class='ocrx_word' id='word_1_9' title='bbox 528 147 575 204; x_wconf 85' lang='grc' dir='ltr'>καὶ</span> <span class='ocrx_word' id='word_1_10' title='bbox 588 145 727 226; x_wconf 83' lang='grc' dir='ltr'>ὀχήματα,</span> <span class='ocrx_word' id='word_1_11' title='bbox 742 145 788 204; x_wconf 89' lang='grc' dir='ltr'>καὶ</span> <span class='ocrx_word' id='word_1_12' title='bbox 801 144 933 224; x_wconf 87' lang='grc' dir='ltr'>θεράπον-</span> 
     </span>
     <span class='ocr_line' id='line_1_3' title="bbox 129 230 934 311; baseline 0.007 -23"><span class='ocrx_word' id='word_1_13' title='bbox 129 255 177 292; x_wconf 88' lang='grc' dir='ltr'>τες</span> <span class='ocrx_word' id='word_1_14' title='bbox 193 231 239 288; x_wconf 88' lang='grc' dir='ltr'>καὶ</span> <span class='ocrx_word' id='word_1_15' title='bbox 256 230 275 306; x_wconf 84' lang='grc' dir='ltr'>ή</span> <span class='ocrx_word' id='word_1_16' title='bbox 288 235 370 290; x_wconf 81' lang='grc' dir='ltr'>πᾶσα</span> <span class='ocrx_word' id='word_1_17' title='bbox 385 233 482 308; x_wconf 83' lang='grc' dir='ltr'>πολλή</span> <span class='ocrx_word' id='word_1_18' title='bbox 498 233 673 311; x_wconf 86' lang='grc' dir='ltr'>παρασκευή·</span> <span class='ocrx_word' id='word_1_19' title='bbox 694 232 785 294; x_wconf 88' lang='grc' dir='ltr'>πάντα</span> <span class='ocrx_word' id='word_1_20' title='bbox 798 232 832 310; x_wconf 78' lang='grc' dir='ltr'>δή</span> <span class='ocrx_word' id='word_1_21' title='bbox 845 237 934 294; x_wconf 81' lang='grc' dir='ltr'>ταῦτα</span> 
     </span>
     <span class='ocr_line' id='line_1_4' title="bbox 130 312 933 402; baseline 0.004 -22"><span class='ocrx_word' id='word_1_22' title='bbox 130 312 191 393; x_wconf 77' lang='grc' dir='ltr'>ἅμα</span> <span class='ocrx_word' id='word_1_23' title='bbox 210 321 283 378; x_wconf 81' lang='grc' dir='ltr'>πᾶσι</span> <span class='ocrx_word' id='word_1_24' title='bbox 304 320 422 380; x_wconf 83' lang='grc' dir='ltr'>κείνοισι</span> <span class='ocrx_word' id='word_1_25' title='bbox 442 319 595 398; x_wconf 79' lang='grc' dir='ltr'>ἠφάνιστο.</span> <span class='ocrx_word' id='word_1_26' title='bbox 639 321 711 399; x_wconf 88' lang='grc' dir='ltr'>μεταὶ</span> <span class='ocrx_word' id='word_1_27' title='bbox 732 321 769 392; x_wconf 78' lang='grc' dir='ltr'>δὲ,</span> <span class='ocrx_word' id='word_1_28' title='bbox 789 322 880 402; x_wconf 78' lang='grc' dir='ltr'>χρόνῳ</span> <span class='ocrx_word' id='word_1_29' title='bbox 900 321 933 383; x_wconf 75' lang='grc' dir='ltr'>οὐ</span> 
     </span>
     <span class='ocr_line' id='line_1_5' title="bbox 129 405 933 491; baseline 0.007 -27"><span class='ocrx_word' id='word_1_30' title='bbox 129 409 231 486; x_wconf 74' lang='grc' dir='ltr'>πολλῷ</span> <span class='ocrx_word' id='word_1_31' title='bbox 243 405 370 484; x_wconf 80' lang='grc' dir='ltr'>ὕστερον,</span> <span class='ocrx_word' id='word_1_32' title='bbox 384 409 501 485; x_wconf 85' lang='grc' dir='ltr'>ζήτησις</span> <span class='ocrx_word' id='word_1_33' title='bbox 518 413 573 469; x_wconf 81' lang='grc' dir='ltr'>τῶν</span> <span class='ocrx_word' id='word_1_34' title='bbox 586 409 692 486; x_wconf 81' lang='grc' dir='ltr'>ἀνδρῶν</span> <span class='ocrx_word' id='word_1_35' title='bbox 704 407 808 471; x_wconf 78' lang='grc' dir='ltr'>τούτων</span> <span class='ocrx_word' id='word_1_36' title='bbox 820 409 933 491; x_wconf 88' lang='grc' dir='ltr'>μεγάλη</span> 
     </span>
     <span class='ocr_line' id='line_1_6' title="bbox 130 496 932 578; baseline 0.009 -27"><span class='ocrx_word' id='word_1_37' title='bbox 130 497 162 556; x_wconf 82' lang='grc' dir='ltr'>ἐκ</span> <span class='ocrx_word' id='word_1_38' title='bbox 171 498 227 555; x_wconf 75' lang='grc' dir='ltr'>τῶν</span> <span class='ocrx_word' id='word_1_39' title='bbox 235 496 369 572; x_wconf 91' lang='grc' dir='ltr'>Περσέων</span> <span class='ocrx_word' id='word_1_40' title='bbox 380 497 495 578; x_wconf 75' lang='grc' dir='ltr'>ἐγίνετο</span> <span class='ocrx_word' id='word_1_41' title='bbox 509 498 558 556; x_wconf 90' lang='grc' dir='ltr'>καί</span> <span class='ocrx_word' id='word_1_42' title='bbox 564 503 656 574; x_wconf 87' lang='grc' dir='ltr'>σφεας</span> <span class='ocrx_word' id='word_1_43' title='bbox 664 496 847 574; x_wconf 78' lang='grc' dir='ltr'>Ἀλέξανδρος</span> <span class='ocrx_word' id='word_1_44' title='bbox 855 499 932 558; x_wconf 91' lang='grc' dir='ltr'>κατέ-</span> 
     </span>
     <span class='ocr_line' id='line_1_7' title="bbox 129 584 932 663; baseline 0.006 -23"><span class='ocrx_word' id='word_1_45' title='bbox 129 584 207 659; x_wconf 84' lang='grc' dir='ltr'>λαβε</span> <span class='ocrx_word' id='word_1_46' title='bbox 220 585 320 663; x_wconf 82' lang='grc' dir='ltr'><strong><em>σοφίῃ,</em></strong></span> <span class='ocrx_word' id='word_1_47' title='bbox 333 584 466 663; x_wconf 90' lang='grc' dir='ltr'>χρήματά</span> <span class='ocrx_word' id='word_1_48' title='bbox 477 611 509 650; x_wconf 87' lang='grc' dir='ltr'>τε</span> <span class='ocrx_word' id='word_1_49' title='bbox 522 584 585 648; x_wconf 74' lang='grc' dir='ltr'>δαὶς</span> <span class='ocrx_word' id='word_1_50' title='bbox 598 586 694 644; x_wconf 78' lang='grc' dir='ltr'>πολλά</span> <span class='ocrx_word' id='word_1_51' title='bbox 708 586 754 644; x_wconf 89' lang='grc' dir='ltr'>καὶ</span> <span class='ocrx_word' id='word_1_52' title='bbox 766 585 819 662; x_wconf 77' lang='grc' dir='ltr'>τήν</span> <span class='ocrx_word' id='word_1_53' title='bbox 832 589 932 646; x_wconf 81' lang='grc' dir='ltr'>ἑωυτοῦ</span> 
     </span>
     <span class='ocr_line' id='line_1_8' title="bbox 130 667 932 753; baseline 0.007 -26"><span class='ocrx_word' id='word_1_54' title='bbox 130 667 281 746; x_wconf 81' lang='grc' dir='ltr'>ἀδελφεήν,</span> <span class='ocrx_word' id='word_1_55' title='bbox 302 675 338 750; x_wconf 80' lang='grc' dir='ltr'>τῇ</span> <span class='ocrx_word' id='word_1_56' title='bbox 365 671 470 749; x_wconf 83' lang='grc' dir='ltr'>οὕνομα</span> <span class='ocrx_word' id='word_1_57' title='bbox 493 671 528 749; x_wconf 84' lang='grc' dir='ltr'>ἦν</span> <span class='ocrx_word' id='word_1_58' title='bbox 554 673 671 753; x_wconf 83' lang='grc' dir='ltr'>Γυγαίη·</span> <span class='ocrx_word' id='word_1_59' title='bbox 700 671 764 736; x_wconf 82' lang='grc' dir='ltr'>δοιὶς</span> <span class='ocrx_word' id='word_1_60' title='bbox 791 673 822 733; x_wconf 74' lang='grc' dir='ltr'>δὲ</span> <span class='ocrx_word' id='word_1_61' title='bbox 843 676 932 734; x_wconf 82' lang='grc' dir='ltr'>ταῦτα</span> 
     </span>
     <span class='ocr_line' id='line_1_9' title="bbox 131 757 970 840; baseline 0.01 -26"><span class='ocrx_word' id='word_1_62' title='bbox 131 758 274 835; x_wconf 86' lang='grc' dir='ltr'>κατέλαβε</span> <span class='ocrx_word' id='word_1_63' title='bbox 286 757 303 818; x_wconf 83' lang='grc' dir='ltr'>ά</span> <span class='ocrx_word' id='word_1_64' title='bbox 315 758 499 838; x_wconf 80' lang='grc' dir='ltr'>Ἀλέξανδρος</span> <span class='ocrx_word' id='word_1_65' title='bbox 508 760 653 840; x_wconf 78' lang='grc' dir='ltr'>Βουβάρῃ,</span> <span class='ocrx_word' id='word_1_66' title='bbox 665 759 743 838; x_wconf 86' lang='grc' dir='ltr'>ἀνδρὶ</span> <span class='ocrx_word' id='word_1_67' title='bbox 754 761 864 840; x_wconf 82' lang='grc' dir='ltr'>Πέρσῃ,</span> <span class='ocrx_word' id='word_1_68' title='bbox 876 763 932 822; x_wconf 76' lang='grc' dir='ltr'>τῶν</span> <span class='ocrx_word' id='word_1_69' title='bbox 966 793 970 804; x_wconf 90' lang='grc'><em>·</em></span> 
     </span>
     <span class='ocr_line' id='line_1_10' title="bbox 130 843 931 928; baseline 0.007 -26"><span class='ocrx_word' id='word_1_70' title='bbox 130 843 280 922; x_wconf 82' lang='grc' dir='ltr'>διζημένων</span> <span class='ocrx_word' id='word_1_71' title='bbox 297 846 362 910; x_wconf 82' lang='grc' dir='ltr'>τοιὶς</span> <span class='ocrx_word' id='word_1_72' title='bbox 377 846 571 925; x_wconf 83' lang='grc' dir='ltr'>ἀπολομένους</span> <span class='ocrx_word' id='word_1_73' title='bbox 585 851 641 908; x_wconf 79' lang='grc' dir='ltr'>τῶν</span> <span class='ocrx_word' id='word_1_74' title='bbox 654 852 829 928; x_wconf 75' lang='grc' dir='ltr'>στρατηγῶν.</span> <span class='ocrx_word' id='word_1_75' title='bbox 851 848 931 924; x_wconf 82' lang='grc' dir='ltr'>ὁμέν</span> 
     </span>
     <span class='ocr_line' id='line_1_11' title="bbox 130 934 931 1013; baseline 0.009 -21"><span class='ocrx_word' id='word_1_76' title='bbox 130 957 179 992; x_wconf 86' lang='grc' dir='ltr'>νυν</span> <span class='ocrx_word' id='word_1_77' title='bbox 188 937 243 994; x_wconf 79' lang='grc' dir='ltr'>τῶν</span> <span class='ocrx_word' id='word_1_78' title='bbox 253 935 387 1013; x_wconf 89' lang='grc' dir='ltr'>Περσέων</span> <span class='ocrx_word' id='word_1_79' title='bbox 396 934 500 995; x_wconf 68' lang='grc' dir='ltr'>τούτων</span> <span class='ocrx_word' id='word_1_80' title='bbox 511 934 628 998; x_wconf 87' lang='grc' dir='ltr'>θάνατος</span> <span class='ocrx_word' id='word_1_81' title='bbox 639 935 709 995; x_wconf 77' lang='grc' dir='ltr'>οὕτω</span> <span class='ocrx_word' id='word_1_82' title='bbox 720 936 931 1012; x_wconf 74' lang='grc' dir='ltr'>καταλαμφθεὶς</span> 
     </span>
     <span class='ocr_line' id='line_1_12' title="bbox 130 1020 260 1101; baseline 0.023 -24"><span class='ocrx_word' id='word_1_83' title='bbox 130 1020 260 1101; x_wconf 79' lang='grc' dir='ltr'>ἐσιγήθη.</span> 
     </span>
    </p>

    <p class='ocr_par' dir='ltr' id='par_1_2' title="bbox 129 1107 1000 1365">
     <span class='ocr_line' id='line_1_13' title="bbox 166 1107 978 1187; baseline 0.005 -21"><span class='ocrx_word' id='word_1_84' title='bbox 166 1107 312 1186; x_wconf 82' lang='grc' dir='ltr'>Ἕλληνας</span> <span class='ocrx_word' id='word_1_85' title='bbox 331 1109 362 1168; x_wconf 78' lang='grc' dir='ltr'>δὲ</span> <span class='ocrx_word' id='word_1_86' title='bbox 383 1109 452 1169; x_wconf 78' lang='grc' dir='ltr'>εἶναι</span> <span class='ocrx_word' id='word_1_87' title='bbox 474 1109 589 1174; x_wconf 75' lang='grc' dir='ltr'>τούτους</span> <span class='ocrx_word' id='word_1_88' title='bbox 605 1108 671 1173; x_wconf 72' lang='grc' dir='ltr'>τούς</span> <span class='ocrx_word' id='word_1_89' title='bbox 690 1109 748 1170; x_wconf 82' lang='grc' dir='ltr'>ἀπό</span> <span class='ocrx_word' id='word_1_90' title='bbox 772 1109 931 1187; x_wconf 83' lang='grc' dir='ltr'>Περδίκκεω</span> <span class='ocrx_word' id='word_1_91' title='bbox 940 1114 978 1170; x_wconf 78' lang='grc'>22</span> 
     </span>
     <span class='ocr_line' id='line_1_14' title="bbox 129 1195 929 1280; baseline 0.004 -26"><span class='ocrx_word' id='word_1_92' title='bbox 129 1195 289 1276; x_wconf 85' lang='grc' dir='ltr'>γεγονότας,</span> <span class='ocrx_word' id='word_1_93' title='bbox 311 1196 432 1276; x_wconf 78' lang='grc' dir='ltr'>κατάπερ</span> <span class='ocrx_word' id='word_1_94' title='bbox 456 1197 535 1258; x_wconf 82' lang='grc' dir='ltr'>αι’ντοὶ</span> <span class='ocrx_word' id='word_1_95' title='bbox 558 1199 684 1280; x_wconf 89' lang='grc' dir='ltr'>λέγουσι,</span> <span class='ocrx_word' id='word_1_96' title='bbox 706 1196 788 1260; x_wconf 73' lang='grc' dir='ltr'>αὐτός</span> <span class='ocrx_word' id='word_1_97' title='bbox 807 1223 838 1257; x_wconf 89' lang='grc' dir='ltr'>τε</span> <span class='ocrx_word' id='word_1_98' title='bbox 859 1195 929 1257; x_wconf 77' lang='grc' dir='ltr'>οὕτω</span> 
     </span>
     <span class='ocr_line' id='line_1_15' title="bbox 129 1282 1000 1365; baseline 0.002 -21"><span class='ocrx_word' id='word_1_99' title='bbox 129 1282 258 1364; x_wconf 78' lang='grc' dir='ltr'>τυγχάνω</span> <span class='ocrx_word' id='word_1_100' title='bbox 278 1285 462 1362; x_wconf 81' lang='grc' dir='ltr'>ἐπιστάμενος</span> <span class='ocrx_word' id='word_1_101' title='bbox 483 1285 541 1365; x_wconf 84' lang='grc' dir='ltr'>(καὶ</span> <span class='ocrx_word' id='word_1_102' title='bbox 561 1285 595 1362; x_wconf 83' lang='grc' dir='ltr'>δή</span> <span class='ocrx_word' id='word_1_103' title='bbox 617 1287 663 1345; x_wconf 90' lang='grc' dir='ltr'>καὶ</span> <span class='ocrx_word' id='word_1_104' title='bbox 683 1291 712 1346; x_wconf 80' lang='grc' dir='ltr'>ἐν</span> <span class='ocrx_word' id='word_1_105' title='bbox 731 1289 813 1346; x_wconf 60' lang='grc' dir='ltr'>τοῖσι,</span> <span class='ocrx_word' id='word_1_106' title='bbox 827 1283 931 1346; x_wconf 80' lang='grc' dir='ltr'>ὄπισθε</span> <span class='ocrx_word' id='word_1_107' title='bbox 995 1282 1000 1291; x_wconf 67' lang='grc'><strong>’</strong></span> 
     </span>
    </p>

    <p class='ocr_par' dir='ltr' id='par_1_3' title="bbox 49 1371 931 2151">
     <span class='ocr_line' id='line_1_16' title="bbox 49 1371 930 1456; baseline 0.005 -28"><span class='ocrx_word' id='word_1_108' title='bbox 49 1434 54 1442; x_wconf 32' lang='lat' dir='ltr'><strong><em>s</em></strong></span> <span class='ocrx_word' id='word_1_109' title='bbox 131 1371 246 1452; x_wconf 82' lang='grc' dir='ltr'>λόγοισι</span> <span class='ocrx_word' id='word_1_110' title='bbox 267 1373 391 1443; x_wconf 76' lang='grc' dir='ltr'>ἀποδέξω</span> <span class='ocrx_word' id='word_1_111' title='bbox 407 1373 442 1436; x_wconf 76' lang='grc' dir='ltr'>ὥς</span> <span class='ocrx_word' id='word_1_112' title='bbox 458 1378 514 1433; x_wconf 85' lang='grc' dir='ltr'>εἰσι</span> <span class='ocrx_word' id='word_1_113' title='bbox 524 1373 684 1456; x_wconf 81' lang='grc' dir='ltr'>Ἓλληνες),</span> <span class='ocrx_word' id='word_1_114' title='bbox 700 1373 770 1450; x_wconf 85' lang='grc' dir='ltr'>πρός</span> <span class='ocrx_word' id='word_1_115' title='bbox 786 1373 823 1447; x_wconf 80' lang='grc' dir='ltr'>δὲ,</span> <span class='ocrx_word' id='word_1_116' title='bbox 838 1373 885 1432; x_wconf 90' lang='grc' dir='ltr'>καὶ</span> <span class='ocrx_word' id='word_1_117' title='bbox 903 1377 930 1434; x_wconf 80' lang='grc' dir='ltr'>οἱ</span> 
     </span>
     <span class='ocr_line' id='line_1_17' title="bbox 130 1457 929 1544; baseline 0.001 -26"><span class='ocrx_word' id='word_1_118' title='bbox 130 1457 179 1518; x_wconf 81' lang='grc' dir='ltr'>τόν</span> <span class='ocrx_word' id='word_1_119' title='bbox 200 1465 229 1519; x_wconf 84' lang='grc' dir='ltr'>έν</span> <span class='ocrx_word' id='word_1_120' title='bbox 247 1460 392 1539; x_wconf 84' lang='grc' dir='ltr'>Ὀλυμπίῃ</span> <span class='ocrx_word' id='word_1_121' title='bbox 412 1461 551 1524; x_wconf 84' lang='grc' dir='ltr'>διέποντες</span> <span class='ocrx_word' id='word_1_122' title='bbox 570 1461 665 1544; x_wconf 81' lang='grc' dir='ltr'>ἀγῶνα</span> <span class='ocrx_word' id='word_1_123' title='bbox 686 1460 833 1538; x_wconf 86' lang='grc' dir='ltr'>Ἑλλήνων</span> <span class='ocrx_word' id='word_1_124' title='bbox 858 1459 929 1521; x_wconf 84' lang='grc' dir='ltr'>οὕτω</span> 
     </span>
     <span class='ocr_line' id='line_1_18' title="bbox 131 1547 929 1630; baseline 0.005 -26"><span class='ocrx_word' id='word_1_125' title='bbox 131 1547 254 1627; x_wconf 82' lang='grc' dir='ltr'>ἔγνωσαν</span> <span class='ocrx_word' id='word_1_126' title='bbox 267 1549 345 1608; x_wconf 85' lang='grc' dir='ltr'>εἶναι.</span> <span class='ocrx_word' id='word_1_127' title='bbox 374 1547 560 1627; x_wconf 79' lang='grc' dir='ltr'>Ἀλεξάνδρου</span> <span class='ocrx_word' id='word_1_128' title='bbox 573 1549 627 1630; x_wconf 79' lang='grc' dir='ltr'>γάρ</span> <span class='ocrx_word' id='word_1_129' title='bbox 641 1548 783 1626; x_wconf 78' lang='grc' dir='ltr'>ἀεθλεύειν</span> <span class='ocrx_word' id='word_1_130' title='bbox 794 1550 929 1625; x_wconf 78' lang='grc' dir='ltr'>ἑλομένου</span> 
     </span>
     <span class='ocr_line' id='line_1_19' title="bbox 131 1634 929 1713; baseline 0.006 -22"><span class='ocrx_word' id='word_1_131' title='bbox 131 1634 176 1692; x_wconf 88' lang='grc' dir='ltr'>καὶ</span> <span class='ocrx_word' id='word_1_132' title='bbox 196 1636 370 1713; x_wconf 85' lang='grc' dir='ltr'>καταβάντος</span> <span class='ocrx_word' id='word_1_133' title='bbox 391 1636 433 1696; x_wconf 80' lang='grc' dir='ltr'>ἐπ’</span> <span class='ocrx_word' id='word_1_134' title='bbox 453 1637 520 1697; x_wconf 76' lang='grc' dir='ltr'>αὐτό</span> <span class='ocrx_word' id='word_1_135' title='bbox 540 1642 632 1707; x_wconf 84' lang='grc' dir='ltr'>τοῦτο,</span> <span class='ocrx_word' id='word_1_136' title='bbox 654 1640 681 1696; x_wconf 83' lang='grc' dir='ltr'>οἱ</span> <span class='ocrx_word' id='word_1_137' title='bbox 701 1635 929 1712; x_wconf 79' lang='grc' dir='ltr'>ἀντιθευσόμενοι</span> 
     </span>
     <span class='ocr_line' id='line_1_20' title="bbox 130 1720 929 1805; baseline 0.005 -27"><span class='ocrx_word' id='word_1_138' title='bbox 130 1720 273 1798; x_wconf 85' lang='grc' dir='ltr'>Ἑλλήνων</span> <span class='ocrx_word' id='word_1_139' title='bbox 286 1724 409 1805; x_wconf 79' lang='grc' dir='ltr'>ἐξεῖργόν</span> <span class='ocrx_word' id='word_1_140' title='bbox 425 1750 481 1802; x_wconf 87' lang='grc' dir='ltr'>μιν,</span> <span class='ocrx_word' id='word_1_141' title='bbox 497 1724 618 1802; x_wconf 87' lang='grc' dir='ltr'>φάμενοι</span> <span class='ocrx_word' id='word_1_142' title='bbox 634 1724 665 1784; x_wconf 79' lang='grc' dir='ltr'>οὐ</span> <span class='ocrx_word' id='word_1_143' title='bbox 681 1723 838 1802; x_wconf 81' lang='grc' dir='ltr'>βαρβάρων</span> <span class='ocrx_word' id='word_1_144' title='bbox 858 1723 929 1804; x_wconf 76' lang='grc' dir='ltr'>ἀγω-</span> 
     </span>
     <span class='ocr_line' id='line_1_21' title="bbox 130 1811 929 1892; baseline 0.004 -26"><span class='ocrx_word' id='word_1_145' title='bbox 130 1811 244 1870; x_wconf 88' lang='grc' dir='ltr'>νιστέων</span> <span class='ocrx_word' id='word_1_146' title='bbox 252 1811 320 1871; x_wconf 83' lang='grc' dir='ltr'>εἶναι</span> <span class='ocrx_word' id='word_1_147' title='bbox 328 1811 378 1871; x_wconf 85' lang='grc' dir='ltr'>τόν</span> <span class='ocrx_word' id='word_1_148' title='bbox 386 1811 735 1892; x_wconf 80' lang='grc' dir='ltr'>ἀγῶνα,ἀλλάἙλλήνων·</span> <span class='ocrx_word' id='word_1_149' title='bbox 744 1811 929 1887; x_wconf 84' lang='grc' dir='ltr'>Ἀλέξανδρος</span> 
     </span>
     <span class='ocr_line' id='line_1_22' title="bbox 130 1896 930 1978; baseline 0.001 -23"><span class='ocrx_word' id='word_1_150' title='bbox 130 1896 160 1955; x_wconf 75' lang='grc' dir='ltr'>δὲ</span> <span class='ocrx_word' id='word_1_151' title='bbox 174 1897 269 1974; x_wconf 76' lang='grc' dir='ltr'>ἐπειδή</span> <span class='ocrx_word' id='word_1_152' title='bbox 285 1897 400 1966; x_wconf 80' lang='grc' dir='ltr'>ἀπέδεξε</span> <span class='ocrx_word' id='word_1_153' title='bbox 421 1897 456 1960; x_wconf 73' lang='grc' dir='ltr'>ὥς</span> <span class='ocrx_word' id='word_1_154' title='bbox 477 1899 518 1974; x_wconf 80' lang='grc' dir='ltr'>εἴη</span> <span class='ocrx_word' id='word_1_155' title='bbox 538 1896 673 1978; x_wconf 83' lang='grc' dir='ltr'>Ἀργεῖος,</span> <span class='ocrx_word' id='word_1_156' title='bbox 692 1898 787 1974; x_wconf 81' lang='grc' dir='ltr'>ἐκρίθη</span> <span class='ocrx_word' id='word_1_157' title='bbox 807 1913 839 1956; x_wconf 85' lang='grc' dir='ltr'>’τε</span> <span class='ocrx_word' id='word_1_158' title='bbox 860 1898 930 1956; x_wconf 85' lang='grc' dir='ltr'>εἶναι</span> 
     </span>
     <span class='ocr_line' id='line_1_23' title="bbox 124 1981 931 2064; baseline 0.002 -22"><span class='ocrx_word' id='word_1_159' title='bbox 124 1981 236 2060; x_wconf 82' lang='grc' dir='ltr'>Ἕλλην</span> <span class='ocrx_word' id='word_1_160' title='bbox 259 1985 305 2043; x_wconf 87' lang='grc' dir='ltr'>καὶ</span> <span class='ocrx_word' id='word_1_161' title='bbox 332 1983 531 2064; x_wconf 73' lang='grc' dir='ltr'>ἀγωνιζόμενος</span> <span class='ocrx_word' id='word_1_162' title='bbox 552 1985 668 2044; x_wconf 85' lang='grc' dir='ltr'>στάδιον</span> <span class='ocrx_word' id='word_1_163' title='bbox 688 1984 872 2053; x_wconf 86' lang='grc' dir='ltr'>συνεξέπιπτε</span> <span class='ocrx_word' id='word_1_164' title='bbox 892 1988 931 2064; x_wconf 75' lang='grc' dir='ltr'>τῷ</span> 
     </span>
     <span class='ocr_line' id='line_1_24' title="bbox 129 2071 238 2151; baseline 0 -21"><span class='ocrx_word' id='word_1_165' title='bbox 129 2071 238 2151; x_wconf 73' lang='grc' dir='ltr'>πρώτῳ.</span> 
     </span>
    </p>

    <p class='ocr_par' dir='ltr' id='par_1_4' title="bbox 127 2154 976 3288">
     <span class='ocr_line' id='line_1_25' title="bbox 168 2154 976 2245; baseline 0.005 -29"><span class='ocrx_word' id='word_1_166' title='bbox 168 2163 263 2218; x_wconf 82' lang='grc' dir='ltr'>Ταῦτα</span> <span class='ocrx_word' id='word_1_167' title='bbox 274 2159 326 2236; x_wconf 87' lang='grc' dir='ltr'>μέν</span> <span class='ocrx_word' id='word_1_168' title='bbox 339 2154 390 2220; x_wconf 57' lang='grc' dir='ltr'>’νυν</span> <span class='ocrx_word' id='word_1_169' title='bbox 406 2159 477 2220; x_wconf 81' lang='grc' dir='ltr'>οὕτω</span> <span class='ocrx_word' id='word_1_170' title='bbox 493 2185 528 2237; x_wconf 88' lang='grc' dir='ltr'>κη</span> <span class='ocrx_word' id='word_1_171' title='bbox 544 2159 661 2241; x_wconf 73' lang='grc' dir='ltr'>ἐγένετο.</span> <span class='ocrx_word' id='word_1_172' title='bbox 704 2158 880 2245; x_wconf 84' lang='grc' dir='ltr'>Μεγάβαζος</span> <span class='ocrx_word' id='word_1_173' title='bbox 899 2160 929 2220; x_wconf 87' lang='grc' dir='ltr'>δὲ</span> <span class='ocrx_word' id='word_1_174' title='bbox 939 2166 976 2220; x_wconf 82' lang='grc'>23</span> 
     </span>
     <span class='ocr_line' id='line_1_26' title="bbox 130 2245 929 2328; baseline 0.005 -22"><span class='ocrx_word' id='word_1_175' title='bbox 130 2245 203 2328; x_wconf 82' lang='grc' dir='ltr'>ἀγων</span> <span class='ocrx_word' id='word_1_176' title='bbox 222 2247 286 2310; x_wconf 83' lang='grc' dir='ltr'>τοιὶς</span> <span class='ocrx_word' id='word_1_177' title='bbox 306 2248 431 2311; x_wconf 86' lang='grc' dir='ltr'>Παίονας</span> <span class='ocrx_word' id='word_1_178' title='bbox 447 2247 562 2308; x_wconf 84' lang='grc' dir='ltr'>ἀπίκετο</span> <span class='ocrx_word' id='word_1_179' title='bbox 581 2249 626 2308; x_wconf 84' lang='grc' dir='ltr'>ε’πὶ</span> <span class='ocrx_word' id='word_1_180' title='bbox 641 2248 691 2310; x_wconf 81' lang='grc' dir='ltr'>τόν</span> <span class='ocrx_word' id='word_1_181' title='bbox 703 2247 929 2324; x_wconf 87' lang='grc' dir='ltr'>Ἑλλήσποντον·</span> 
     </span>
     <span class='ocr_line' id='line_1_27' title="bbox 130 2335 928 2414; baseline 0.004 -20"><span class='ocrx_word' id='word_1_182' title='bbox 130 2335 253 2396; x_wconf 69' lang='grc' dir='ltr'>ἐνθεῦτεν</span> <span class='ocrx_word' id='word_1_183' title='bbox 276 2336 306 2396; x_wconf 83' lang='grc' dir='ltr'>δὲ</span> <span class='ocrx_word' id='word_1_184' title='bbox 332 2335 538 2414; x_wconf 84' lang='grc' dir='ltr'>διαπεραιωθεὶς</span> <span class='ocrx_word' id='word_1_185' title='bbox 559 2336 673 2396; x_wconf 86' lang='grc' dir='ltr'>ἀπίκετο</span> <span class='ocrx_word' id='word_1_186' title='bbox 694 2342 722 2400; x_wconf 80' lang='grc' dir='ltr'>ἔς</span> <span class='ocrx_word' id='word_1_187' title='bbox 740 2335 851 2414; x_wconf 78' lang='grc' dir='ltr'>Σάρδις.</span> <span class='ocrx_word' id='word_1_188' title='bbox 879 2336 928 2398; x_wconf 84' lang='grc' dir='ltr'>άτε</span> 
     </span>
     <span class='ocr_line' id='line_1_28' title="bbox 129 2423 930 2502; baseline 0.002 -20"><span class='ocrx_word' id='word_1_189' title='bbox 129 2423 158 2482; x_wconf 80' lang='grc' dir='ltr'>δὲ</span> <span class='ocrx_word' id='word_1_190' title='bbox 169 2424 324 2502; x_wconf 83' lang='grc' dir='ltr'>τειχέοντος</span> <span class='ocrx_word' id='word_1_191' title='bbox 336 2423 389 2501; x_wconf 87' lang='grc' dir='ltr'>ἤδη</span> <span class='ocrx_word' id='word_1_192' title='bbox 401 2425 536 2484; x_wconf 85' lang='grc' dir='ltr'>Ἰστιαίου</span> <span class='ocrx_word' id='word_1_193' title='bbox 553 2428 604 2485; x_wconf 83' lang='grc' dir='ltr'>τοῦ</span> <span class='ocrx_word' id='word_1_194' title='bbox 620 2425 767 2501; x_wconf 87' lang='grc' dir='ltr'>Μιλησίου</span> <span class='ocrx_word' id='word_1_195' title='bbox 784 2424 836 2500; x_wconf 85' lang='grc' dir='ltr'>τήν</span> <span class='ocrx_word' id='word_1_196' title='bbox 852 2428 930 2502; x_wconf 86' lang='grc' dir='ltr'>παρά</span> 
     </span>
     <span class='ocr_line' id='line_1_29' title="bbox 129 2509 930 2591; baseline 0.004 -22"><span class='ocrx_word' id='word_1_197' title='bbox 129 2511 248 2588; x_wconf 89' lang='grc' dir='ltr'>Δαρείου</span> <span class='ocrx_word' id='word_1_198' title='bbox 264 2511 383 2588; x_wconf 80' lang='grc' dir='ltr'>αἰτήσας</span> <span class='ocrx_word' id='word_1_199' title='bbox 396 2513 476 2591; x_wconf 81' lang='grc' dir='ltr'>ἔτυχε</span> <span class='ocrx_word' id='word_1_200' title='bbox 492 2509 603 2590; x_wconf 84' lang='grc' dir='ltr'>δωρεήν,</span> <span class='ocrx_word' id='word_1_201' title='bbox 617 2511 723 2590; x_wconf 82' lang='grc' dir='ltr'>μισθάν</span> <span class='ocrx_word' id='word_1_202' title='bbox 737 2516 867 2589; x_wconf 79' lang='grc' dir='ltr'>φυλακῆς</span> <span class='ocrx_word' id='word_1_203' title='bbox 879 2517 930 2588; x_wconf 79' lang='grc' dir='ltr'>τῆς</span> 
     </span>
     <span class='ocr_line' id='line_1_30' title="bbox 128 2599 929 2684; baseline 0 -26"><span class='ocrx_word' id='word_1_204' title='bbox 128 2600 249 2678; x_wconf 88' lang='grc' dir='ltr'>σχεδίης,</span> <span class='ocrx_word' id='word_1_205' title='bbox 264 2601 357 2663; x_wconf 84' lang='grc' dir='ltr'>ε’όντος</span> <span class='ocrx_word' id='word_1_206' title='bbox 370 2601 400 2660; x_wconf 80' lang='grc' dir='ltr'>δὲ</span> <span class='ocrx_word' id='word_1_207' title='bbox 412 2604 462 2661; x_wconf 83' lang='grc' dir='ltr'>τοῦ</span> <span class='ocrx_word' id='word_1_208' title='bbox 475 2599 568 2679; x_wconf 80' lang='grc' dir='ltr'>χοίρου</span> <span class='ocrx_word' id='word_1_209' title='bbox 580 2600 680 2660; x_wconf 80' lang='grc' dir='ltr'>τούτου</span> <span class='ocrx_word' id='word_1_210' title='bbox 693 2599 770 2677; x_wconf 84' lang='grc' dir='ltr'>παραὶ</span> <span class='ocrx_word' id='word_1_211' title='bbox 782 2599 929 2684; x_wconf 79' lang='grc' dir='ltr'>Στρυμόνα</span> 
     </span>
     <span class='ocr_line' id='line_1_31' title="bbox 128 2686 928 2769; baseline 0 -23"><span class='ocrx_word' id='word_1_212' title='bbox 128 2688 262 2763; x_wconf 81' lang='grc' dir='ltr'>ποταμόν,</span> <span class='ocrx_word' id='word_1_213' title='bbox 276 2687 327 2769; x_wconf 81' lang='grc' dir='ltr'>[τῷ</span> <span class='ocrx_word' id='word_1_214' title='bbox 344 2687 449 2765; x_wconf 80' lang='grc' dir='ltr'>οὔνομά</span> <span class='ocrx_word' id='word_1_215' title='bbox 465 2692 527 2747; x_wconf 85' lang='grc' dir='ltr'>ε’στι</span> <span class='ocrx_word' id='word_1_216' title='bbox 542 2686 705 2769; x_wconf 77' lang='grc' dir='ltr'>Μύρκινος]</span> <span class='ocrx_word' id='word_1_217' title='bbox 725 2687 822 2763; x_wconf 72' lang='grc' dir='ltr'>μαθων</span> <span class='ocrx_word' id='word_1_218' title='bbox 840 2687 928 2747; x_wconf 83' lang='grc' dir='ltr'>άΜε-</span> 
     </span>
     <span class='ocr_line' id='line_1_32' title="bbox 127 2773 930 2855; baseline 0 -23"><span class='ocrx_word' id='word_1_219' title='bbox 127 2774 253 2855; x_wconf 85' lang='grc' dir='ltr'>γάβαζος</span> <span class='ocrx_word' id='word_1_220' title='bbox 272 2775 305 2834; x_wconf 78' lang='grc' dir='ltr'>τό</span> <span class='ocrx_word' id='word_1_221' title='bbox 330 2775 494 2852; x_wconf 85' lang='grc' dir='ltr'>ποιεόμενον</span> <span class='ocrx_word' id='word_1_222' title='bbox 515 2779 545 2833; x_wconf 85' lang='grc' dir='ltr'>έκ</span> <span class='ocrx_word' id='word_1_223' title='bbox 568 2778 619 2834; x_wconf 84' lang='grc' dir='ltr'>τοῦ</span> <span class='ocrx_word' id='word_1_224' title='bbox 638 2775 781 2848; x_wconf 85' lang='grc' dir='ltr'>Ἱστιαίου,</span> <span class='ocrx_word' id='word_1_225' title='bbox 803 2775 839 2838; x_wconf 69' lang='grc' dir='ltr'>οἷς</span> <span class='ocrx_word' id='word_1_226' title='bbox 858 2773 930 2850; x_wconf 86' lang='grc' dir='ltr'>ἦλθε</span> 
     </span>
     <span class='ocr_line' id='line_1_33' title="bbox 127 2861 929 2943; baseline -0.004 -23"><span class='ocrx_word' id='word_1_227' title='bbox 127 2861 249 2940; x_wconf 87' lang='grc' dir='ltr'>τάχιστα</span> <span class='ocrx_word' id='word_1_228' title='bbox 270 2866 297 2924; x_wconf 83' lang='grc' dir='ltr'>ές</span> <span class='ocrx_word' id='word_1_229' title='bbox 316 2863 367 2925; x_wconf 85' lang='grc' dir='ltr'>τοὶς</span> <span class='ocrx_word' id='word_1_230' title='bbox 387 2862 488 2940; x_wconf 76' lang='grc' dir='ltr'>Σάρδις</span> <span class='ocrx_word' id='word_1_231' title='bbox 507 2861 582 2943; x_wconf 83' lang='grc' dir='ltr'>άγιον</span> <span class='ocrx_word' id='word_1_232' title='bbox 604 2863 669 2925; x_wconf 77' lang='grc' dir='ltr'>τοὺς</span> <span class='ocrx_word' id='word_1_233' title='bbox 692 2863 824 2930; x_wconf 89' lang='grc' dir='ltr'>Παίονας,</span> <span class='ocrx_word' id='word_1_234' title='bbox 850 2862 929 2939; x_wconf 78' lang='grc' dir='ltr'>ἔλεγε</span> 
     </span>
     <span class='ocr_line' id='line_1_34' title="bbox 129 2946 930 3026; baseline -0.006 -18"><span class='ocrx_word' id='word_1_235' title='bbox 129 2947 237 3026; x_wconf 78' lang='grc' dir='ltr'>Δαρείῳ</span> <span class='ocrx_word' id='word_1_236' title='bbox 248 2947 324 3008; x_wconf 88' lang='grc' dir='ltr'>τάδε·</span> <span class='ocrx_word' id='word_1_237' title='bbox 346 2949 389 3008; x_wconf 82' lang='grc' dir='ltr'>“ὦ</span> <span class='ocrx_word' id='word_1_238' title='bbox 402 2951 536 3024; x_wconf 84' lang='grc' dir='ltr'>βασιλεῦ,</span> <span class='ocrx_word' id='word_1_239' title='bbox 551 2949 628 3008; x_wconf 86' lang='grc' dir='ltr'>κοῖόν</span> <span class='ocrx_word' id='word_1_240' title='bbox 641 2973 669 3008; x_wconf 88' lang='grc' dir='ltr'>τι</span> <span class='ocrx_word' id='word_1_241' title='bbox 681 2952 779 3026; x_wconf 79' lang='grc' dir='ltr'>χρῆμα</span> <span class='ocrx_word' id='word_1_242' title='bbox 794 2946 930 3018; x_wconf 82' lang='grc' dir='ltr'>ἐποίησας</span> 
     </span>
     <span class='ocr_line' id='line_1_35' title="bbox 129 3028 931 3114; baseline -0.015 -19"><span class='ocrx_word' id='word_1_243' title='bbox 129 3035 205 3114; x_wconf 82' lang='grc' dir='ltr'>ἀνδρὶ</span> <span class='ocrx_word' id='word_1_244' title='bbox 213 3034 336 3111; x_wconf 82' lang='grc' dir='ltr'>Ἕλληνι</span> <span class='ocrx_word' id='word_1_245' title='bbox 353 3036 431 3114; x_wconf 77' lang='grc' dir='ltr'>δεινῷ</span> <span class='ocrx_word' id='word_1_246' title='bbox 445 3061 476 3095; x_wconf 85' lang='grc' dir='ltr'>τε</span> <span class='ocrx_word' id='word_1_247' title='bbox 493 3036 539 3094; x_wconf 91' lang='grc' dir='ltr'>καὶ</span> <span class='ocrx_word' id='word_1_248' title='bbox 557 3038 641 3114; x_wconf 76' lang='grc' dir='ltr'>σοφῷ</span> <span class='ocrx_word' id='word_1_249' title='bbox 655 3034 718 3095; x_wconf 82' lang='grc' dir='ltr'>δοιὶς</span> <span class='ocrx_word' id='word_1_250' title='bbox 737 3028 931 3111; x_wconf 83' lang='grc' dir='ltr'>ε’γκτήσασθαι</span> 
     </span>
     <span class='ocr_line' id='line_1_36' title="bbox 129 3113 931 3213; baseline -0.002 -31"><span class='ocrx_word' id='word_1_251' title='bbox 129 3123 212 3185; x_wconf 89' lang='grc' dir='ltr'>πάλιν</span> <span class='ocrx_word' id='word_1_252' title='bbox 239 3128 268 3184; x_wconf 82' lang='grc' dir='ltr'>έν</span> <span class='ocrx_word' id='word_1_253' title='bbox 291 3123 413 3202; x_wconf 82' lang='grc' dir='ltr'>Θρηΐκῃ;</span> <span class='ocrx_word' id='word_1_254' title='bbox 442 3123 487 3182; x_wconf 85' lang='grc' dir='ltr'>ἶνα</span> <span class='ocrx_word' id='word_1_255' title='bbox 508 3121 554 3198; x_wconf 81' lang='grc' dir='ltr'>ἴδη</span> <span class='ocrx_word' id='word_1_256' title='bbox 575 3147 606 3180; x_wconf 87' lang='grc' dir='ltr'>τε</span> <span class='ocrx_word' id='word_1_257' title='bbox 627 3113 843 3197; x_wconf 69' lang='grc' dir='ltr'>ναυπηγήσιμόἳ</span> <span class='ocrx_word' id='word_1_258' title='bbox 862 3115 931 3213; x_wconf 45' lang='grc' dir='ltr'><em>’ἔστι</em></span> 
     </span>
     <span class='ocr_line' id='line_1_37' title="bbox 129 3195 929 3288; baseline -0.024 -17"><span class='ocrx_word' id='word_1_259' title='bbox 129 3211 252 3288; x_wconf 85' lang='grc' dir='ltr'>άφθονος</span> <span class='ocrx_word' id='word_1_260' title='bbox 271 3211 317 3272; x_wconf 86' lang='grc' dir='ltr'>καὶ</span> <span class='ocrx_word' id='word_1_261' title='bbox 333 3211 439 3270; x_wconf 87' lang='grc' dir='ltr'>πολλοὶ</span> <span class='ocrx_word' id='word_1_262' title='bbox 456 3209 567 3276; x_wconf 84' lang='grc' dir='ltr'>κωπέες,</span> <span class='ocrx_word' id='word_1_263' title='bbox 588 3207 633 3265; x_wconf 85' lang='grc' dir='ltr'>καὶ</span> <span class='ocrx_word' id='word_1_264' title='bbox 650 3205 780 3282; x_wconf 85' lang='grc' dir='ltr'>μέταλλα</span> <span class='ocrx_word' id='word_1_265' title='bbox 798 3195 929 3270; x_wconf 79' lang='grc' dir='ltr'>άργυρεα·</span> 
     </span>
    </p>
   </div>
   <div class='ocr_carea' id='block_1_2' title="bbox 0 0 1107 3430">
    <p class='ocr_par' dir='ltr' id='par_1_5' title="bbox 0 0 1107 3430">
     <span class='ocr_line' id='line_1_38' title="bbox 0 0 1107 3430; baseline 0 0"><span class='ocrx_word' id='word_1_266' title='bbox 0 0 1107 3430; x_wconf 95' lang='lat' dir='ltr'> </span> 
     </span>
    </p>
   </div>
  </div>
 </body>
</html>
