2280 3432
151 98 259 164 17—22]
481 99 635 146 ουνκκικ.
899 99 946 150 ιιι

151 176 304 253 κατήκουσι
320 174 469 256 πρήγμασι
486 174 552 235 τάδε
568 175 685 252 ποιητέα
702 183 759 253 σφι
775 175 844 236 εἶναι
859 177 947 259 ἔλεγε·

150 267 205 326 τῶν
222 289 253 324 τε
271 262 420 339 προβάτων
437 267 492 322 τῶν
512 262 660 339 Εὐβοϊκῶν
676 264 820 325 καταθύειν
833 263 889 324 ὅσα
906 291 947 328 τις

152 353 253 411 ἐθέλοι·
288 351 421 429 (κρέσσον
440 351 495 430 γάρ
516 351 585 410 εἶναι
604 351 659 428 τῆν’
682 352 817 430 στρατιῆν
838 351 947 430 ἔχεινῆ

150 438 215 502 τοῦς
234 439 406 519 πολεμίους)
432 439 564 516 παραίνεέ
582 465 614 500 τε
629 445 772 516 προειπεῖν
789 444 866 500 τοῖσι
887 444 948 500 ἑωυ·

150 531 206 586 τῶν
226 527 359 590 ἑκάστους
379 531 436 604 πῦρ
456 525 604 586 άνακαίειν·
632 529 747 604 κομιδῆς
768 528 797 586 δὲ
817 528 881 604 πέρι
897 528 949 603 τῆν

152 613 223 691 ὦρην
247 614 321 692 αύτῷ
340 614 483 691 μελήσειν,
514 613 587 675 ὥστε
607 614 720 680 ἀσινέας
744 614 894 676 άπικέσθαι
922 622 949 680 ἐς

151 700 202 776 τῆν
214 701 348 760 Ἑλλάδα.
390 705 478 762 ταῦτα
490 701 578 778 ἤρεσέ
590 708 646 778 σφι
658 704 770 764 ποιέειν·
792 705 837 762 καὶ
851 703 949 763 αῦτίκα

151 792 207 866 πῦρ
230 788 453 866 ἀνακαυσάμενοι
474 789 625 866 ἐτράποντο
651 791 721 867 πρὸς
746 791 782 850 τοὶ
806 792 949 867 πρόβατα.

153 879 190 934 Οἱ
222 877 277 958 γάρ
311 875 434 951 Εὐβοέες
469 875 719 954 παραχρησάμενοι
748 876 799 937 τᾶν
832 878 950 942 Βάκιδος
958 882 996 940 20

151 964 284 1041 χρησμδν
311 963 346 1026 ὥς
366 963 444 1024 οῦδὲν
471 965 599 1044 λέγοντα,
620 962 682 1023 οὔτε
705 990 733 1023 τι
753 963 950 1040 ἐξεκομίσαντο

153 1049 231 1110 οὐδὲν
244 1051 307 1112 οὔτε
323 1049 515 1128 προεσάξαντο
532 1050 568 1114 ὦς
585 1051 779 1128 παρεσομένου
797 1057 853 1127 σφι
866 1054 951 1112 πολέ·

153 1165 215 1214 μου,
239 1139 389 1216 περιπετέα
410 1165 442 1198 τε
470 1137 639 1214 ἐποιήσαντο
667 1139 755 1215 σφίσι
779 1138 891 1198 αὐτοῖσι
914 1139 951 1199 τά

153 1225 313 1306 πρήγματα·
348 1225 447 1286 Βάκιδι
472 1225 527 1307 γάρ
554 1224 606 1285 ὦδε
633 1226 689 1306 ἔχει
716 1227 779 1304 περὶ
804 1225 909 1286 τούτων
936 1225 953 1286 δ

153 1314 291 1392 χρησμός·

218 1418 308 1479 Φράζεο
324 1416 512 1480 βαρβαρόφωνον
528 1418 587 1466 ὅταν
603 1418 675 1479 ζυγὸν
691 1421 723 1468 εἰς
740 1418 789 1468 ἅλα
804 1419 889 1481 βάλλῃ

217 1492 338 1554 βύβλινον,
359 1490 462 1552 Εὐβοίης
479 1490 580 1550 ἀπέχειν
597 1492 769 1550 πολυμηκάδας
786 1493 865 1553 αἶγας.

152 1574 278 1635 τούτοισι
289 1575 319 1634 δὲ
332 1574 410 1635 οὐδὲν
426 1577 503 1635 τοῖσι
521 1575 602 1634 ἔπεσι
614 1578 821 1654 χρησαμένοισι
834 1583 863 1636 ἐν
875 1579 951 1638 τοῖσι

153 1662 216 1722 τότε
228 1664 368 1741 παρεοῦσί
378 1690 408 1724 τε
427 1664 473 1722 καὶ
489 1663 707 1741 προσδοκίμοισι
725 1669 844 1736 κακοῖσι,
858 1668 951 1742 παρῆν

154 1757 209 1826 σφι
222 1755 359 1829 συμφορῇ
372 1751 498 1830 χρῆσθαι
510 1751 580 1828 πρδς
592 1751 629 1810 τά
641 1753 773 1832 μέγιστα.

195 1843 231 1898 Οἱ
246 1841 298 1916 μὲν
314 1839 348 1914 δῆ
366 1842 455 1897 ταῦτα
473 1839 625 1912 ἔπρησσον,
640 1843 733 1914 παρῆν
751 1839 780 1898 δὲ
799 1839 814 1898 ὁ
831 1845 860 1899 ἐκ
879 1847 949 1917 Τρη-
960 1839 996 1898 21

152 1928 230 2003 χῖνος
262 1923 449 1986 κατάσκοπος.
491 1922 526 1998 ἣν
554 1926 606 1998 μὲν
632 1924 686 2003 γάρ
717 1924 758 1983 ἐπ’
783 1925 951 2004 Ἀρτεμισίῳ

154 2011 340 2080 κατάσκοπος,
359 2009 483 2079 Πολύας,
499 2010 579 2089 γένος
596 2010 778 2088 Ἀντικυρεῦς,
793 2016 832 2090 τῷ
848 2038 951 2088 προσε-

152 2101 277 2168 τέτακτο,
300 2098 359 2179 (καὶ
380 2097 438 2176 εἶχε
453 2100 555 2156 πλοῖον
572 2101 689 2173 κατῆρες
707 2100 837 2178 ἑτοῖμον,)
854 2103 878 2158 εἰ
898 2125 951 2159 τα-

153 2185 252 2263 λῆσειε
270 2185 285 2246 ὁ
303 2184 429 2248 ναυτικάς
445 2183 573 2262 στρατὸς,
592 2186 738 2261 σημαίνειν
749 2190 826 2247 τοῖσι
842 2192 871 2247 ἐν
884 2194 952 2265 Θερ-

152 2274 301 2355 μοπύλῃσι
328 2278 418 2334 ἐοῦσιι
451 2271 486 2336 ὣς
512 2271 535 2331 δ’
556 2271 643 2336 αῦτως
669 2272 704 2348 ἦν
729 2273 909 2355 Ἀβρώνιχος
934 2276 950 2336 ά

153 2365 318 2434 Λυσικλέος,
341 2363 498 2440 Ἀθηναῖος,
526 2362 572 2420 καὶ
597 2361 673 2439 παραὶ
696 2363 818 2442 Λεωνίδη
843 2367 952 2441 ἑτοῖμος

153 2457 230 2513 τοῖσι
249 2453 291 2512 ἐπ’
308 2452 476 2531 Ἀρτεμισίῳ
497 2454 576 2509 ἐοῦσι
594 2448 745 2530 ἀγγέλλειν
761 2452 950 2531 τριηκοντέρῳ,

154 2539 188 2616 ἤν
205 2567 233 2600 τι
249 2539 454 2618 καταλαμβάνῃ
472 2537 603 2616 νεώτερον
618 2537 668 2598 τδν
684 2538 778 2610 πεζόν.
820 2537 900 2603 οὗτος
916 2539 953 2600 ὧν

140 2627 171 2687 ιὸ
183 2627 362 2706 Ἀβρώνιχος
375 2625 541 2706 ἀπικόμενός
554 2632 609 2702 σφι
623 2625 755 2702 ἐσήμαινε
768 2627 804 2688 τά
816 2628 952 2708 γεγονότα

155 2715 220 2791 περὶ
241 2716 378 2775 Λεωνίδεα
399 2717 444 2774 καὶ
466 2715 516 2776 τδν
537 2714 659 2792 στρατδν
683 2713 777 2775 αὐτοῦ·
818 2719 845 2775 οἱ
866 2715 896 2774 δὲ
918 2716 953 2779 ὥς

156 2802 291 2862 ἐπύθοντο
311 2808 407 2873 ταῦτα,
424 2803 514 2864 ούκέτι
534 2808 561 2866 ἐς
579 2801 725 2878 α’ναβολάς
742 2807 883 2864 ἐποιεῦντο
901 2803 953 2880 τῆν

156 2889 346 2969 α’ποχιύρησιν·
380 2893 539 2967 ἐκομίζοντο
555 2891 584 2949 δὲ
601 2890 636 2953 ὦς
652 2891 766 2950 ἕκαστοι
782 2891 951 2970 ἐτάχθησαν,

157 2978 301 3055 Κορίνθιοι
314 2981 418 3053 πριῦτοι
430 2977 547 3036 ὕστατοι
562 2978 592 3036 δὲ
604 2977 757 3052 Ἀθηναῖοι.
798 2978 952 3053 Ἀθηναίων
961 2980 1000 3037 22

157 3067 186 3125 δὲ
209 3065 271 3128 νέας
288 3063 337 3128 τάς
358 3063 461 3141 άριστα
480 3062 630 3128 πλοιούσας
652 3065 847 3142 ἐπιλεξάμενος
870 3072 952 3141 Θεμι-

157 3153 294 3231 στοκλέης
307 3151 452 3232 ἐπορεύετο
465 3153 529 3230 περὶ
542 3153 577 3212 τά
589 3152 696 3229 πότιμα
708 3152 803 3224 ὕδατα,
815 3152 953 3230 ἐντάμνων

157 3248 186 3303 ἐν
198 3247 275 3304 τοῖσι
289 3243 398 3304 λίθοισι
414 3240 574 3322 γράμματα,
587 3241 624 3300 τοὶ
635 3238 728 3304 Ἴωνες
741 3241 905 3306 ἐπελθόντες
917 3245 954 3321 τῇ
