2204 3430
176 72 207 121 ιο
481 71 665 122 ’ποοοοοοο
923 43 962 137 “[ν

175 148 274 228 ὅμιλός
288 175 320 210 τε
335 149 446 214 πολλάς
462 151 514 227 μὲν
522 149 634 225 Ἕλλην
649 149 795 225 περιοικέει
810 149 922 214 πολλάς
942 149 970 210 δὲ

95 249 97 253 ’
173 237 332 314 βάρβαρος,
353 237 380 296 οἳ
399 236 563 314 προστάτεω
584 236 795 313 ἐπιλαβόμενοι,
816 239 970 314 ποιήσουσι

174 325 268 385 τοῦτοΙ
274 325 308 386 πά
322 323 357 386 ἂν
370 329 458 388 κεῖνος
472 325 617 406 ἐξηγέηται
630 326 676 383 καὶ
688 325 793 402 ἡμέρης
807 327 853 386 καὶ
866 327 971 392 νυκτάς·

174 411 212 473 σιί
224 439 272 474 νυν
285 416 384 474 τοῦτον
396 411 446 474 πάν
456 411 542 490 ἄνδρα
551 417 662 473 παῦσαν
673 417 762 474 ταῦτα
774 417 914 486 ποιεῦντα,
929 417 971 476 ἵνα

172 499 213 577 μή
230 502 323 580 οἰκηίῳ
341 501 457 580 πολέμῳ
478 501 622 579 συνέχηαι·
644 500 739 582 τράπῳ
754 501 785 561 δέ
801 500 875 582 ήπίῳ
890 529 971 579 μετα-

172 587 353 668 πεμψάμενος
383 593 503 648 παῦσον·
533 587 616 650 ἐπεάν
640 589 670 650 δὲ
690 587 774 651 αι’πὸν
805 589 971 670 περιλάβῃς,

172 678 276 737 ποιέειν
296 676 366 740 ὅκως
385 676 485 754 μηκέτι
506 679 593 740 κεῖνος
611 681 638 740 ἐς
653 676 799 752 Ἕλληνας
819 675 971 748 άπίξεται.”

124 767 163 824 24
172 768 267 826 Ταῦτα
279 765 370 846 λέγων
382 763 399 824 ὁ
413 763 585 844 Μεγάβαζος
596 763 728 828 εὐπετέως
742 765 833 825 ἔπειθε
843 769 971 843 Δαρεῖον,

172 851 208 915 οἷς
231 851 260 912 εὖ
287 853 428 930 προορέων
453 851 486 912 τά
512 851 621 929 μέλλον
647 852 783 934 γίνεσθαι
833 853 905 930 μετὰ
932 853 969 924 δέ,

172 939 294 1022 ἄγγελον
312 941 425 1019 πέμψας
441 939 458 1000 ά
476 944 594 1018 Δαρεῖος
611 944 639 1004 ἐς
657 939 709 1016 τήν
730 939 873 1018 Μύρκινον
893 942 972 1022 ἔλεγε

170 1029 245 1089 τάδε·
269 1039 287 1064 “
295 1028 418 1113 Ἱστιαῖε,
437 1028 577 1104 βασιλεδς
596 1032 714 1106 Δαρεῖος
726 1028 793 1089 τάδε
805 1029 892 1109 λέγει·
918 1031 972 1110 ἐγώ

171 1118 325 1193 φροντίζων
333 1115 452 1194 εάρίσκω
462 1116 527 1192 ἐμοί
533 1143 565 1176 τε
575 1116 621 1174 καὶ
631 1121 707 1178 τοῖσι
718 1119 812 1193 ἐμοῖσι
822 1115 971 1198 πρήγμασι

171 1203 268 1265 οὐδένα
288 1203 357 1263 εἶναι
377 1206 429 1264 σεῦ
449 1201 535 1280 ἄνδρα
555 1203 742 1280 εὐνοέστερον·
772 1207 856 1263 τοῦτο
883 1205 912 1263 δὲ
939 1205 971 1264 οὗ

170 1289 293 1370 λόγοισι,
307 1289 373 1348 ἀλλ’
387 1289 576 1370 ἔργοισκοῖδα
588 1289 694 1366 μαθοίν.
736 1292 784 1350 νῦν
798 1289 843 1360 ὧν,
858 1292 971 1352 ἐπινοέω

169 1376 224 1458 γάρ
236 1377 389 1457 πρήγματα
401 1375 515 1457 μεγάλα
533 1373 771 1457 κατεργάσασθαι,
790 1376 904 1438 οἶπικνέα
922 1405 971 1455 μοι

169 1463 288 1534 πάντως,
309 1464 354 1524 ἶνα
373 1489 417 1524 τοι
436 1462 506 1522 αὐτά
527 1462 728 1541 ὕπερθέωμαι·”
751 1463 879 1524 τούτοισι
894 1469 971 1526 τοῖσι

170 1552 250 1612 ἔπεσι
269 1549 424 1614 πιστεύσας
444 1549 460 1611 ὅ
480 1549 624 1620 Ἱστιαῖος,
640 1551 687 1610 καὶ
707 1549 766 1628 ἅμα
785 1552 859 1632 μέγα
879 1553 970 1614 ποιεύ-

170 1665 252 1715 μενος
263 1640 403 1716 βασιλέας
416 1637 584 1716 σύμβουλος
597 1639 737 1720 γενέσθαι,
752 1637 868 1699 ἀπίκετο
882 1644 909 1703 ἐς
922 1639 971 1704 ταὶς

170 1726 279 1804 Σάρδις·
301 1725 458 1806 ἀπικομένῳ
477 1725 509 1785 δέ
526 1729 553 1785 οἱ
567 1727 646 1807 ἔλεγε
660 1729 779 1803 Δαρεῖος
791 1725 866 1786 τάδε·
888 1726 970 1788 “Ἰσ-

168 1818 247 1884 τιαῖε,
263 1813 319 1896 ἐγώ
336 1839 371 1874 σε
385 1813 606 1892 μετεπεμψάμην
626 1814 711 1874 Ιτοῖνδε
728 1813 838 1874 εἵνεκεν·
863 1815 926 1874 ἐπεί
937 1841 971 1876 τε
1086 1885 1087 1890 ¹

169 1901 292 1982 τάχιστα
311 1901 453 1978 ἐνόστησα
471 1900 528 1962 α’πδ
547 1902 674 1966 Σκυθέων
690 1901 736 1961 καὶ
754 1901 791 1961 σιί
811 1926 861 1979 μοι
878 1903 971 1984 ἐγένεο
1043 1968 1047 1974 ,
1086 1891 1087 1930 ί

171 1991 202 2061 ἐξ
214 1991 380 2068 ὀφθαλμῶν,
395 1989 473 2052 οὐδέν
487 2017 525 2050 κω
539 1988 613 2050 ἄλλα
626 1993 724 2070 χρῆμα
738 1989 808 2050 οὕτω
822 1994 852 2050 ἐν
864 1990 971 2070 βραχέῖ

168 2077 326 2154 ἐπεζήτησα
340 2077 375 2140 ὥς
388 2080 423 2137 σὲ
437 2078 517 2138 ἰδέειν
529 2103 560 2138 τε
574 2078 620 2136 καὶ
634 2082 661 2140 ἐς
674 2077 778 2159 λάγους
790 2103 840 2156 μοι
853 2076 971 2140 άπικέσ-

169 2165 225 2224 θαι·
252 2171 259 2190 ’
294 2163 368 2227 ωκιδς
381 2164 424 2224 ὅτι
438 2165 589 2242 κτημάτων.
601 2163 712 2226 πάντων
725 2166 789 2225 ἐστὶ
803 2163 970 2242 πιμιοίτατον

167 2250 238 2328 αἶνήρ
284 2252 345 2316 ίλος
365 2251 480 2315 συνετός
497 2277 529 2312 τε
547 2252 594 2311 καὶ
610 2249 713 2316 εὔνοος·
736 2250 772 2312 τά
787 2277 831 2313 τοι
849 2251 903 2333 ἐγοί
924 2252 970 2312 καὶ

167 2338 313 2417 ἀμφότερα
331 2339 462 2404 σονειδοίς
479 2340 533 2419 ἔχω
550 2339 713 2416 μαρτυρέειν
727 2343 754 2402 ἐς
767 2338 920 2420 πρήγματα
931 2340 968 2400 τά

168 2425 231 2504 ἐμά.
272 2430 321 2487 νῦν
334 2425 379 2496 ὧν,
394 2425 423 2486 εὖ
436 2426 491 2509 γάρ
506 2427 642 2503 ἐποίησας
655 2425 831 2503 ἀπικόμενος,
844 2425 911 2486 τάδε
924 2452 970 2486 τοι

167 2514 221 2596 ἐγω
229 2513 418 2592 προτείνομαι·
435 2515 566 2591 Μίλητον
578 2516 630 2591 μέν
644 2514 675 2574 ἔα
688 2513 734 2574 καὶ
746 2513 798 2589 τήν
808 2511 970 2574 νεόκτιστον

167 2607 196 2664 ἐν
209 2603 315 2682 Θρηίκη
329 2601 423 2663 πάλιν·
444 2601 482 2662 σι)
496 2602 519 2663 δ’
533 2602 595 2680 ἐμοὶ
614 2600 747 2679 ἐπάμενας
760 2605 787 2665 ἐς
800 2603 907 2671 Σοῦσα,
922 2602 970 2682 ἔχε

168 2690 256 2769 τάπερ
277 2688 312 2751 άν
328 2688 382 2772 ἐγο)
400 2691 463 2770 ἔχω,
477 2689 543 2768 ἐμάς
560 2714 591 2751 τε
607 2689 747 2753 σύσσιτος
765 2688 817 2750 ἐῶν
833 2687 879 2747 καὶ
897 2687 969 2768 σάμ-

119 2781 156 2838 25
168 2776 302 2855 βουλος.”
342 2782 438 2840 Ταῦτα
461 2781 580 2856 Δαρεῖος
601 2777 687 2850 εἴπας,
714 2777 761 2838 καὶ
787 2775 970 2854 καταστήσας

165 2866 356 2945 Ἀρταφέρνεα
374 2865 515 2945 α’δελφεδν
534 2869 635 2926 ἑωυτοῦ
654 2864 828 2944 ὁμοπάτριον
841 2864 969 2944 ὕπαρχον

165 2954 235 3017 εἶναι
256 2955 389 3033 Σαρδίων,
410 2954 556 3032 ἀπήλαυνε
576 2959 604 3018 ἐς
625 2955 730 3026 Σοῦσα,
752 2953 811 3033 ἅμα
831 2951 969 3034 ἀγόμενος

163 3043 299 3108 Ἱστιαῖον
311 3044 431 3108 Ὀτάνεα
449 3043 479 3131 δὲ
496 3042 633 3114 άποδέξας
651 3042 813 3126 στρατηγδν
831 3041 969 3102 εἶναιτῶν

165 3135 408 3212 παραθαλασσίων
426 3133 541 3212 ἀνδρῶν·
562 3136 612 3194 τοῦ
630 3131 679 3194 τδν
695 3133 803 3212 πατέρα
821 3129 968 3208 Σισάμνην

163 3221 306 3292 βασιλεύς
322 3220 486 3300 Καμβύσης
503 3219 653 3299 γενόμενον
667 3224 723 3284 τῶν
739 3218 911 3299 βασιληίων,
929 3215 967 3280 δι-
