<?xml version="1.0" encoding="UTF-8"?>
<!DOCTYPE html PUBLIC "-//W3C//DTD XHTML 1.0 Transitional//EN"
    "http://www.w3.org/TR/xhtml1/DTD/xhtml1-transitional.dtd">
<html xmlns="http://www.w3.org/1999/xhtml" xml:lang="en" lang="en">
 <head>
  <title>
</title>
<meta http-equiv="Content-Type" content="text/html;charset=utf-8" />
  <meta name='ocr-system' content='tesseract 3.04.00' />
  <meta name='ocr-capabilities' content='ocr_page ocr_carea ocr_par ocr_line ocrx_word'/>
</head>
<body>
  <div class='ocr_page' id='page_1' title='image "./herodotusrecens01blakgoog_0277.png"; bbox 0 0 2280 3432; ppageno 0'>
   <div class='ocr_carea' id='block_1_1' title="bbox 130 55 1010 3213">
    <p class='ocr_par' dir='ltr' id='par_1_1' title="bbox 189 55 1010 392">
     <span class='ocr_line' id='line_1_1' title="bbox 190 55 994 122; baseline 0 -14"><span class='ocrx_word' id='word_1_1' title='bbox 190 63 238 110; x_wconf 69' lang='lat'>264</span> <span class='ocrx_word' id='word_1_2' title='bbox 500 55 683 106; x_wconf 74' lang='grc' dir='ltr'>Ἦνοιονου</span> <span class='ocrx_word' id='word_1_3' title='bbox 900 57 994 122; x_wconf 81' lang='lat' dir='ltr'><strong>[vm.</strong></span> 
     </span>
     <span class='ocr_line' id='line_1_2' title="bbox 189 137 1010 218; baseline 0.001 -18"><span class='ocrx_word' id='word_1_4' title='bbox 189 143 300 210; x_wconf 79' lang='grc' dir='ltr'>πλοῖον,</span> <span class='ocrx_word' id='word_1_5' title='bbox 319 143 397 200; x_wconf 83' lang='grc' dir='ltr'>τοῖσι</span> <span class='ocrx_word' id='word_1_6' title='bbox 417 138 566 198; x_wconf 84' lang='grc' dir='ltr'>ἐπίστευσε</span> <span class='ocrx_word' id='word_1_7' title='bbox 587 140 673 218; x_wconf 83' lang='grc' dir='ltr'>σιγοῖν</span> <span class='ocrx_word' id='word_1_8' title='bbox 693 139 721 200; x_wconf 83' lang='grc' dir='ltr'>ές</span> <span class='ocrx_word' id='word_1_9' title='bbox 744 140 841 197; x_wconf 79' lang='grc' dir='ltr'>πᾶσαν</span> <span class='ocrx_word' id='word_1_10' title='bbox 860 137 1010 215; x_wconf 78' lang='grc' dir='ltr'>βάσανον</span> 
     </span>
     <span class='ocr_line' id='line_1_3' title="bbox 189 223 992 304; baseline 0.001 -16"><span class='ocrx_word' id='word_1_11' title='bbox 189 228 414 304; x_wconf 73' lang='grc' dir='ltr'>ἀπικνεομένοισι</span> <span class='ocrx_word' id='word_1_12' title='bbox 426 225 462 286; x_wconf 74' lang='grc' dir='ltr'>τό</span> <span class='ocrx_word' id='word_1_13' title='bbox 476 223 558 289; x_wconf 74' lang='grc' dir='ltr'>αὐτός</span> <span class='ocrx_word' id='word_1_14' title='bbox 571 226 727 286; x_wconf 86' lang='grc' dir='ltr'>ε’νετείλατο</span> <span class='ocrx_word' id='word_1_15' title='bbox 737 226 859 300; x_wconf 79' lang='grc' dir='ltr'>βασιλέϊ</span> <span class='ocrx_word' id='word_1_16' title='bbox 871 227 992 303; x_wconf 84' lang='grc' dir='ltr'>φραίσαι·</span> 
     </span>
     <span class='ocr_line' id='line_1_4' title="bbox 189 312 993 392; baseline -0.002 -15"><span class='ocrx_word' id='word_1_17' title='bbox 189 321 244 377; x_wconf 79' lang='grc' dir='ltr'>τῶν</span> <span class='ocrx_word' id='word_1_18' title='bbox 258 316 303 374; x_wconf 86' lang='grc' dir='ltr'>καὶ</span> <span class='ocrx_word' id='word_1_19' title='bbox 318 315 441 379; x_wconf 78' lang='grc' dir='ltr'>Σίκιννος</span> <span class='ocrx_word' id='word_1_20' title='bbox 459 313 475 373; x_wconf 84' lang='grc' dir='ltr'>ό</span> <span class='ocrx_word' id='word_1_21' title='bbox 494 315 600 389; x_wconf 85' lang='grc' dir='ltr'>οἰκέτης</span> <span class='ocrx_word' id='word_1_22' title='bbox 619 312 695 376; x_wconf 77' lang='grc' dir='ltr'>αὖτις</span> <span class='ocrx_word' id='word_1_23' title='bbox 708 313 826 392; x_wconf 83' lang='grc' dir='ltr'>ἐγένετο·</span> <span class='ocrx_word' id='word_1_24' title='bbox 848 313 875 374; x_wconf 78' lang='grc' dir='ltr'>οἳ</span> <span class='ocrx_word' id='word_1_25' title='bbox 888 317 950 376; x_wconf 87' lang='grc' dir='ltr'>ε’πεί</span> <span class='ocrx_word' id='word_1_26' title='bbox 961 345 993 378; x_wconf 87' lang='grc' dir='ltr'>τε</span> 
     </span>
    </p>

    <p class='ocr_par' dir='ltr' id='par_1_2' title="bbox 130 400 993 1272">
     <span class='ocr_line' id='line_1_5' title="bbox 130 400 993 478; baseline 0.005 -16"><span class='ocrx_word' id='word_1_27' title='bbox 130 457 137 469; x_wconf 91' lang='grc'>,</span> <span class='ocrx_word' id='word_1_28' title='bbox 190 403 324 462; x_wconf 81' lang='grc' dir='ltr'>ἀπίκοντο</span> <span class='ocrx_word' id='word_1_29' title='bbox 344 401 414 478; x_wconf 81' lang='grc' dir='ltr'>πρός</span> <span class='ocrx_word' id='word_1_30' title='bbox 433 400 485 477; x_wconf 75' lang='grc' dir='ltr'>τὴν</span> <span class='ocrx_word' id='word_1_31' title='bbox 505 400 643 477; x_wconf 78' lang='grc' dir='ltr'>Ἀττικὴν,</span> <span class='ocrx_word' id='word_1_32' title='bbox 663 403 757 478; x_wconf 82' lang='grc' dir='ltr'>οἱμὲν</span> <span class='ocrx_word' id='word_1_33' title='bbox 775 403 925 478; x_wconf 84' lang='grc' dir='ltr'>κατέμενον</span> <span class='ocrx_word' id='word_1_34' title='bbox 945 407 993 466; x_wconf 85' lang='grc' dir='ltr'>ε’πὶ</span> 
     </span>
     <span class='ocr_line' id='line_1_6' title="bbox 189 487 993 574; baseline 0.002 -23"><span class='ocrx_word' id='word_1_35' title='bbox 189 495 228 569; x_wconf 80' lang='grc' dir='ltr'>τῷ</span> <span class='ocrx_word' id='word_1_36' title='bbox 247 490 345 568; x_wconf 83' lang='grc' dir='ltr'>πλοίῳ,</span> <span class='ocrx_word' id='word_1_37' title='bbox 367 489 492 553; x_wconf 75' lang='grc' dir='ltr'>Σίκιννος</span> <span class='ocrx_word' id='word_1_38' title='bbox 512 489 541 548; x_wconf 81' lang='grc' dir='ltr'>δὲ</span> <span class='ocrx_word' id='word_1_39' title='bbox 561 487 670 565; x_wconf 75' lang='grc' dir='ltr'>οἶναβιὶς</span> <span class='ocrx_word' id='word_1_40' title='bbox 689 487 766 564; x_wconf 70' lang='grc' dir='ltr'>παρὰ</span> <span class='ocrx_word' id='word_1_41' title='bbox 787 489 891 565; x_wconf 80' lang='grc' dir='ltr'>Ξέρξεα</span> <span class='ocrx_word' id='word_1_42' title='bbox 912 492 993 574; x_wconf 81' lang='grc' dir='ltr'>ἔλεγε</span> 
     </span>
     <span class='ocr_line' id='line_1_7' title="bbox 190 571 993 657; baseline -0.002 -19"><span class='ocrx_word' id='word_1_43' title='bbox 190 571 264 638; x_wconf 78' lang='grc' dir='ltr'>τάδε·</span> <span class='ocrx_word' id='word_1_44' title='bbox 286 587 304 613; x_wconf 88' lang='grc'><strong>“</strong></span> <span class='ocrx_word' id='word_1_45' title='bbox 312 577 420 654; x_wconf 79' lang='grc' dir='ltr'>ἔπεμψέ</span> <span class='ocrx_word' id='word_1_46' title='bbox 434 602 470 653; x_wconf 88' lang='grc' dir='ltr'>με</span> <span class='ocrx_word' id='word_1_47' title='bbox 489 576 698 653; x_wconf 81' lang='grc' dir='ltr'>Θεμιστοκλέης</span> <span class='ocrx_word' id='word_1_48' title='bbox 712 575 728 636; x_wconf 82' lang='grc' dir='ltr'>ό</span> <span class='ocrx_word' id='word_1_49' title='bbox 742 578 891 649; x_wconf 86' lang='grc' dir='ltr'>Νεοκλέος,</span> <span class='ocrx_word' id='word_1_50' title='bbox 906 605 993 657; x_wconf 85' lang='grc' dir='ltr'>στρα-</span> 
     </span>
     <span class='ocr_line' id='line_1_8' title="bbox 190 663 993 746; baseline 0.002 -20"><span class='ocrx_word' id='word_1_51' title='bbox 190 664 276 746; x_wconf 81' lang='grc' dir='ltr'>τηγός</span> <span class='ocrx_word' id='word_1_52' title='bbox 287 667 339 742; x_wconf 74' lang='grc' dir='ltr'>μὲν</span> <span class='ocrx_word' id='word_1_53' title='bbox 350 664 505 740; x_wconf 86' lang='grc' dir='ltr'>Ἀθηναίων</span> <span class='ocrx_word' id='word_1_54' title='bbox 517 663 587 741; x_wconf 74' lang='grc' dir='ltr'>ἀνὴρ</span> <span class='ocrx_word' id='word_1_55' title='bbox 602 663 631 722; x_wconf 84' lang='grc' dir='ltr'>δὲ</span> <span class='ocrx_word' id='word_1_56' title='bbox 646 668 700 724; x_wconf 81' lang='grc' dir='ltr'>τῶν</span> <span class='ocrx_word' id='word_1_57' title='bbox 713 663 870 743; x_wconf 74' lang='grc' dir='ltr'>συμμάχων</span> <span class='ocrx_word' id='word_1_58' title='bbox 882 665 993 728; x_wconf 80' lang='grc' dir='ltr'>πάντων</span> 
     </span>
     <span class='ocr_line' id='line_1_9' title="bbox 191 750 993 831; baseline 0.002 -19"><span class='ocrx_word' id='word_1_59' title='bbox 191 753 305 831; x_wconf 79' lang='grc' dir='ltr'>ἄριστος</span> <span class='ocrx_word' id='word_1_60' title='bbox 326 753 372 812; x_wconf 84' lang='grc' dir='ltr'>καὶ</span> <span class='ocrx_word' id='word_1_61' title='bbox 398 750 572 828; x_wconf 84' lang='grc' dir='ltr'>σοφιότατος,</span> <span class='ocrx_word' id='word_1_62' title='bbox 600 750 749 828; x_wconf 77' lang='grc' dir='ltr'>φράσοντά</span> <span class='ocrx_word' id='word_1_63' title='bbox 770 778 823 822; x_wconf 85' lang='grc' dir='ltr'>τοι,</span> <span class='ocrx_word' id='word_1_64' title='bbox 845 752 888 812; x_wconf 85' lang='grc' dir='ltr'>ὅτι</span> <span class='ocrx_word' id='word_1_65' title='bbox 908 761 993 831; x_wconf 87' lang='grc' dir='ltr'>Θεμι-</span> 
     </span>
     <span class='ocr_line' id='line_1_10' title="bbox 191 838 990 922; baseline 0.001 -20"><span class='ocrx_word' id='word_1_66' title='bbox 191 843 329 919; x_wconf 88' lang='grc' dir='ltr'>στοκλέης</span> <span class='ocrx_word' id='word_1_67' title='bbox 349 841 364 900; x_wconf 84' lang='grc' dir='ltr'>ό</span> <span class='ocrx_word' id='word_1_68' title='bbox 386 840 541 916; x_wconf 80' lang='grc' dir='ltr'>Ἀθηναῖος,</span> <span class='ocrx_word' id='word_1_69' title='bbox 558 838 606 899; x_wconf 82' lang='grc' dir='ltr'>σοὶ</span> <span class='ocrx_word' id='word_1_70' title='bbox 626 838 801 916; x_wconf 84' lang='grc' dir='ltr'>βουλόμενος</span> <span class='ocrx_word' id='word_1_71' title='bbox 819 839 990 922; x_wconf 74' lang='grc' dir='ltr'>ὕπουργέειν,</span> 
     </span>
     <span class='ocr_line' id='line_1_11' title="bbox 191 927 993 1009; baseline 0.004 -20"><span class='ocrx_word' id='word_1_72' title='bbox 191 931 258 1009; x_wconf 82' lang='grc' dir='ltr'>ἔσχε</span> <span class='ocrx_word' id='word_1_73' title='bbox 273 929 338 993; x_wconf 77' lang='grc' dir='ltr'>τούς</span> <span class='ocrx_word' id='word_1_74' title='bbox 353 928 498 1004; x_wconf 84' lang='grc' dir='ltr'>Ἕλληνας</span> <span class='ocrx_word' id='word_1_75' title='bbox 517 927 567 991; x_wconf 77' lang='grc' dir='ltr'>τός</span> <span class='ocrx_word' id='word_1_76' title='bbox 587 932 655 1003; x_wconf 75' lang='grc' dir='ltr'>νῆας</span> <span class='ocrx_word' id='word_1_77' title='bbox 673 929 865 1004; x_wconf 82' lang='grc' dir='ltr'>βουλομένους</span> <span class='ocrx_word' id='word_1_78' title='bbox 886 929 993 992; x_wconf 86' lang='grc' dir='ltr'>διιίκειν</span> 
     </span>
     <span class='ocr_line' id='line_1_12' title="bbox 191 1014 993 1096; baseline 0.001 -19"><span class='ocrx_word' id='word_1_79' title='bbox 191 1019 236 1077; x_wconf 85' lang='grc' dir='ltr'>καὶ</span> <span class='ocrx_word' id='word_1_80' title='bbox 256 1018 307 1081; x_wconf 74' lang='grc' dir='ltr'>τός</span> <span class='ocrx_word' id='word_1_81' title='bbox 333 1022 362 1076; x_wconf 84' lang='grc' dir='ltr'>έν</span> <span class='ocrx_word' id='word_1_82' title='bbox 385 1014 590 1095; x_wconf 61' lang='grc' dir='ltr'>Ἑλλησπόνῳ</span> <span class='ocrx_word' id='word_1_83' title='bbox 612 1014 736 1096; x_wconf 76' lang='grc' dir='ltr'>γεφύρας</span> <span class='ocrx_word' id='word_1_84' title='bbox 759 1015 845 1076; x_wconf 78' lang='grc' dir='ltr'>λύειν·</span> <span class='ocrx_word' id='word_1_85' title='bbox 874 1017 920 1076; x_wconf 86' lang='grc' dir='ltr'>καὶ</span> <span class='ocrx_word' id='word_1_86' title='bbox 943 1023 993 1078; x_wconf 82' lang='grc' dir='ltr'>νῦν</span> 
     </span>
     <span class='ocr_line' id='line_1_13' title="bbox 191 1101 992 1184; baseline 0 -20"><span class='ocrx_word' id='word_1_87' title='bbox 191 1105 250 1166; x_wconf 84' lang='grc' dir='ltr'>κατ’</span> <span class='ocrx_word' id='word_1_88' title='bbox 283 1104 406 1184; x_wconf 83' lang='grc' dir='ltr'>ἡσυχίην</span> <span class='ocrx_word' id='word_1_89' title='bbox 438 1103 551 1178; x_wconf 79' lang='grc' dir='ltr'>πολλὴν</span> <span class='ocrx_word' id='word_1_90' title='bbox 582 1101 719 1180; x_wconf 82' lang='grc' dir='ltr'>κομίζεο.”</span> <span class='ocrx_word' id='word_1_91' title='bbox 761 1106 788 1163; x_wconf 83' lang='grc' dir='ltr'>οἱ</span> <span class='ocrx_word' id='word_1_92' title='bbox 820 1106 872 1181; x_wconf 81' lang='grc' dir='ltr'>μὲν</span> <span class='ocrx_word' id='word_1_93' title='bbox 904 1109 992 1166; x_wconf 79' lang='grc' dir='ltr'>ταῦτα</span> 
     </span>
     <span class='ocr_line' id='line_1_14' title="bbox 192 1190 681 1272; baseline -0.012 -20"><span class='ocrx_word' id='word_1_94' title='bbox 192 1192 365 1272; x_wconf 76' lang='grc' dir='ltr'>σημήναντες</span> <span class='ocrx_word' id='word_1_95' title='bbox 378 1191 528 1252; x_wconf 79' lang='grc' dir='ltr'>ἀπέπλωον</span> <span class='ocrx_word' id='word_1_96' title='bbox 541 1190 641 1251; x_wconf 84' lang='grc' dir='ltr'>ὀπίσω.</span> <span class='ocrx_word' id='word_1_97' title='bbox 678 1239 681 1246; x_wconf 92' lang='grc'>.</span> 
     </span>
    </p>

    <p class='ocr_par' dir='ltr' id='par_1_3' title="bbox 145 1278 991 2946">
     <span class='ocr_line' id='line_1_15' title="bbox 145 1278 991 1356; baseline -0.002 -13"><span class='ocrx_word' id='word_1_98' title='bbox 145 1284 200 1343; x_wconf 89' lang='grc'>111</span> <span class='ocrx_word' id='word_1_99' title='bbox 254 1285 291 1341; x_wconf 85' lang='grc' dir='ltr'>Οἱ</span> <span class='ocrx_word' id='word_1_100' title='bbox 311 1281 341 1340; x_wconf 82' lang='grc' dir='ltr'>δὲ</span> <span class='ocrx_word' id='word_1_101' title='bbox 355 1279 503 1356; x_wconf 83' lang='grc' dir='ltr'>Ἕλληνες,</span> <span class='ocrx_word' id='word_1_102' title='bbox 521 1280 583 1339; x_wconf 87' lang='grc' dir='ltr'>ε’πεί</span> <span class='ocrx_word' id='word_1_103' title='bbox 596 1305 627 1339; x_wconf 91' lang='grc' dir='ltr'>τε</span> <span class='ocrx_word' id='word_1_104' title='bbox 646 1285 702 1355; x_wconf 93' lang='grc' dir='ltr'>σφι</span> <span class='ocrx_word' id='word_1_105' title='bbox 720 1278 837 1349; x_wconf 75' lang='grc' dir='ltr'>ἀπέδοξε</span> <span class='ocrx_word' id='word_1_106' title='bbox 855 1279 920 1356; x_wconf 81' lang='grc' dir='ltr'>μήτ’</span> <span class='ocrx_word' id='word_1_107' title='bbox 933 1285 991 1341; x_wconf 81' lang='grc' dir='ltr'>έπι-</span> 
     </span>
     <span class='ocr_line' id='line_1_16' title="bbox 192 1367 989 1446; baseline -0.003 -16"><span class='ocrx_word' id='word_1_108' title='bbox 192 1370 297 1430; x_wconf 83' lang='grc' dir='ltr'>διιόκειν</span> <span class='ocrx_word' id='word_1_109' title='bbox 325 1370 364 1429; x_wconf 81' lang='grc' dir='ltr'>ἔτι</span> <span class='ocrx_word' id='word_1_110' title='bbox 390 1368 558 1446; x_wconf 83' lang='grc' dir='ltr'>προσωτέρω</span> <span class='ocrx_word' id='word_1_111' title='bbox 583 1372 638 1428; x_wconf 76' lang='grc' dir='ltr'>τῶν</span> <span class='ocrx_word' id='word_1_112' title='bbox 663 1367 819 1444; x_wconf 79' lang='grc' dir='ltr'>βαρβάρων</span> <span class='ocrx_word' id='word_1_113' title='bbox 845 1368 894 1432; x_wconf 74' lang='grc' dir='ltr'>τός</span> <span class='ocrx_word' id='word_1_114' title='bbox 914 1374 989 1446; x_wconf 80' lang='grc' dir='ltr'>νῆας,</span> 
     </span>
     <span class='ocr_line' id='line_1_17' title="bbox 190 1455 991 1535; baseline 0 -17"><span class='ocrx_word' id='word_1_115' title='bbox 190 1459 262 1535; x_wconf 80' lang='grc' dir='ltr'>μήτε</span> <span class='ocrx_word' id='word_1_116' title='bbox 280 1457 429 1517; x_wconf 82' lang='grc' dir='ltr'>ε’πιπλοίειν</span> <span class='ocrx_word' id='word_1_117' title='bbox 447 1461 474 1519; x_wconf 83' lang='grc' dir='ltr'>ές</span> <span class='ocrx_word' id='word_1_118' title='bbox 493 1456 543 1516; x_wconf 82' lang='grc' dir='ltr'>τόν</span> <span class='ocrx_word' id='word_1_119' title='bbox 559 1455 775 1530; x_wconf 84' lang='grc' dir='ltr'>Ἑλλήσποντον</span> <span class='ocrx_word' id='word_1_120' title='bbox 789 1457 991 1520; x_wconf 77' lang='grc' dir='ltr'>λύσονταςτόν</span> 
     </span>
     <span class='ocr_line' id='line_1_18' title="bbox 191 1543 989 1627; baseline 0.001 -21"><span class='ocrx_word' id='word_1_121' title='bbox 191 1545 287 1623; x_wconf 83' lang='grc' dir='ltr'>πόρον,</span> <span class='ocrx_word' id='word_1_122' title='bbox 305 1544 356 1620; x_wconf 76' lang='grc' dir='ltr'>την</span> <span class='ocrx_word' id='word_1_123' title='bbox 366 1543 486 1621; x_wconf 81' lang='grc' dir='ltr'>Ἀνδρον</span> <span class='ocrx_word' id='word_1_124' title='bbox 502 1543 684 1621; x_wconf 88' lang='grc' dir='ltr'>περικατέατο</span> <span class='ocrx_word' id='word_1_125' title='bbox 699 1544 820 1627; x_wconf 69' lang='grc' dir='ltr'>ε’ξελέειν</span> <span class='ocrx_word' id='word_1_126' title='bbox 839 1545 989 1608; x_wconf 78' lang='grc' dir='ltr'>ἐθέλοντες·</span> 
     </span>
     <span class='ocr_line' id='line_1_19' title="bbox 191 1629 991 1714; baseline 0 -22"><span class='ocrx_word' id='word_1_127' title='bbox 191 1637 296 1710; x_wconf 84' lang='grc' dir='ltr'>πρῶτοι</span> <span class='ocrx_word' id='word_1_128' title='bbox 322 1631 377 1714; x_wconf 74' lang='grc' dir='ltr'>γόρ</span> <span class='ocrx_word' id='word_1_129' title='bbox 404 1629 529 1708; x_wconf 80' lang='grc' dir='ltr'>Ἀνδριοι</span> <span class='ocrx_word' id='word_1_130' title='bbox 556 1632 710 1706; x_wconf 88' lang='grc' dir='ltr'>νησιωτέων</span> <span class='ocrx_word' id='word_1_131' title='bbox 737 1633 892 1708; x_wconf 85' lang='grc' dir='ltr'>αἰτηθέντες</span> <span class='ocrx_word' id='word_1_132' title='bbox 920 1633 991 1711; x_wconf 82' lang='grc' dir='ltr'>πρός</span> 
     </span>
     <span class='ocr_line' id='line_1_20' title="bbox 191 1718 989 1801; baseline 0.001 -20"><span class='ocrx_word' id='word_1_133' title='bbox 191 1721 399 1797; x_wconf 80' lang='grc' dir='ltr'>Θεμιστοκλέος</span> <span class='ocrx_word' id='word_1_134' title='bbox 411 1718 543 1798; x_wconf 86' lang='grc' dir='ltr'>χρήματα</span> <span class='ocrx_word' id='word_1_135' title='bbox 561 1718 611 1778; x_wconf 80' lang='grc' dir='ltr'>οὐκ</span> <span class='ocrx_word' id='word_1_136' title='bbox 629 1720 739 1780; x_wconf 85' lang='grc' dir='ltr'>ἔδοσαν·</span> <span class='ocrx_word' id='word_1_137' title='bbox 761 1719 838 1780; x_wconf 70' lang='grc' dir='ltr'>ἀλλὰ</span> <span class='ocrx_word' id='word_1_138' title='bbox 855 1729 989 1801; x_wconf 78' lang='grc' dir='ltr'>προϊσχο-</span> 
     </span>
     <span class='ocr_line' id='line_1_21' title="bbox 191 1806 991 1888; baseline 0.003 -19"><span class='ocrx_word' id='word_1_139' title='bbox 191 1809 276 1886; x_wconf 88' lang='grc' dir='ltr'>μένου</span> <span class='ocrx_word' id='word_1_140' title='bbox 286 1809 493 1886; x_wconf 82' lang='grc' dir='ltr'>Θεμιστοκλέος</span> <span class='ocrx_word' id='word_1_141' title='bbox 503 1806 590 1888; x_wconf 85' lang='grc' dir='ltr'>λόγον</span> <span class='ocrx_word' id='word_1_142' title='bbox 603 1807 690 1878; x_wconf 87' lang='grc' dir='ltr'>τόνδε,</span> <span class='ocrx_word' id='word_1_143' title='bbox 701 1807 736 1870; x_wconf 81' lang='grc' dir='ltr'>ὦς</span> <span class='ocrx_word' id='word_1_144' title='bbox 745 1807 838 1883; x_wconf 86' lang='grc' dir='ltr'>ἥκοιεν</span> <span class='ocrx_word' id='word_1_145' title='bbox 847 1807 991 1885; x_wconf 83' lang='grc' dir='ltr'>Ἀθηναῖοι</span> 
     </span>
     <span class='ocr_line' id='line_1_22' title="bbox 190 1895 991 1976; baseline 0.001 -20"><span class='ocrx_word' id='word_1_146' title='bbox 190 1897 254 1975; x_wconf 85' lang='grc' dir='ltr'>περὶ</span> <span class='ocrx_word' id='word_1_147' title='bbox 268 1895 383 1961; x_wconf 76' lang='grc' dir='ltr'>έωυτοῦς</span> <span class='ocrx_word' id='word_1_148' title='bbox 397 1898 506 1976; x_wconf 83' lang='grc' dir='ltr'>ἔχοντες</span> <span class='ocrx_word' id='word_1_149' title='bbox 523 1895 572 1955; x_wconf 83' lang='grc' dir='ltr'>δύο</span> <span class='ocrx_word' id='word_1_150' title='bbox 589 1895 668 1958; x_wconf 75' lang='grc' dir='ltr'>θεοῦς</span> <span class='ocrx_word' id='word_1_151' title='bbox 683 1895 833 1976; x_wconf 76' lang='grc' dir='ltr'>μεγάλους,</span> <span class='ocrx_word' id='word_1_152' title='bbox 847 1897 941 1958; x_wconf 75' lang='grc' dir='ltr'>Πειθώ</span> <span class='ocrx_word' id='word_1_153' title='bbox 958 1925 991 1958; x_wconf 86' lang='grc' dir='ltr'>τε</span> 
     </span>
     <span class='ocr_line' id='line_1_23' title="bbox 191 1983 990 2066; baseline 0.001 -20"><span class='ocrx_word' id='word_1_154' title='bbox 191 1987 237 2046; x_wconf 87' lang='grc' dir='ltr'>καὶ</span> <span class='ocrx_word' id='word_1_155' title='bbox 263 1985 438 2066; x_wconf 87' lang='grc' dir='ltr'>Ἀναγκαίην,</span> <span class='ocrx_word' id='word_1_156' title='bbox 460 1983 532 2044; x_wconf 76' lang='grc' dir='ltr'>οὕτω</span> <span class='ocrx_word' id='word_1_157' title='bbox 558 1984 591 2044; x_wconf 90' lang='grc' dir='ltr'>τέ</span> <span class='ocrx_word' id='word_1_158' title='bbox 616 1990 672 2060; x_wconf 91' lang='grc' dir='ltr'>σφι</span> <span class='ocrx_word' id='word_1_159' title='bbox 700 1983 787 2061; x_wconf 76' lang='grc' dir='ltr'>κάρτα</span> <span class='ocrx_word' id='word_1_160' title='bbox 814 1985 894 2044; x_wconf 81' lang='grc' dir='ltr'>δοτέα</span> <span class='ocrx_word' id='word_1_161' title='bbox 921 1985 990 2047; x_wconf 76' lang='grc' dir='ltr'>εἶναι</span> 
     </span>
     <span class='ocr_line' id='line_1_24' title="bbox 191 2071 989 2153; baseline 0.004 -22"><span class='ocrx_word' id='word_1_162' title='bbox 191 2073 329 2152; x_wconf 77' lang='grc' dir='ltr'>χρήματα,</span> <span class='ocrx_word' id='word_1_163' title='bbox 343 2071 523 2149; x_wconf 74' lang='grc' dir='ltr'>ὑπεκρίναντο</span> <span class='ocrx_word' id='word_1_164' title='bbox 536 2071 607 2148; x_wconf 83' lang='grc' dir='ltr'>πρός</span> <span class='ocrx_word' id='word_1_165' title='bbox 619 2077 707 2132; x_wconf 85' lang='grc' dir='ltr'>ταῦτα</span> <span class='ocrx_word' id='word_1_166' title='bbox 720 2072 856 2153; x_wconf 87' lang='grc' dir='ltr'>λέγοντες,</span> <span class='ocrx_word' id='word_1_167' title='bbox 871 2073 906 2136; x_wconf 73' lang='grc' dir='ltr'>οἷς</span> <span class='ocrx_word' id='word_1_168' title='bbox 919 2075 989 2134; x_wconf 70' lang='grc' dir='ltr'>κατὰ</span> 
     </span>
     <span class='ocr_line' id='line_1_25' title="bbox 191 2157 990 2242; baseline 0.003 -22"><span class='ocrx_word' id='word_1_169' title='bbox 191 2161 278 2242; x_wconf 89' lang='grc' dir='ltr'>λόγον</span> <span class='ocrx_word' id='word_1_170' title='bbox 297 2159 373 2236; x_wconf 87' lang='grc' dir='ltr'>ἦσαν</span> <span class='ocrx_word' id='word_1_171' title='bbox 389 2158 443 2235; x_wconf 77' lang='grc' dir='ltr'>ἄρα</span> <span class='ocrx_word' id='word_1_172' title='bbox 459 2161 488 2216; x_wconf 82' lang='grc' dir='ltr'>αἱ</span> <span class='ocrx_word' id='word_1_173' title='bbox 503 2157 621 2234; x_wconf 83' lang='grc' dir='ltr'>Ἀθῆναι</span> <span class='ocrx_word' id='word_1_174' title='bbox 641 2159 764 2241; x_wconf 81' lang='grc' dir='ltr'>μεγάλαι</span> <span class='ocrx_word' id='word_1_175' title='bbox 784 2186 816 2220; x_wconf 91' lang='grc' dir='ltr'>τε</span> <span class='ocrx_word' id='word_1_176' title='bbox 835 2161 881 2220; x_wconf 88' lang='grc' dir='ltr'>καὶ</span> <span class='ocrx_word' id='word_1_177' title='bbox 902 2159 990 2222; x_wconf 76' lang='grc' dir='ltr'>εὐδαί-</span> 
     </span>
     <span class='ocr_line' id='line_1_26' title="bbox 191 2247 990 2326; baseline 0.003 -18"><span class='ocrx_word' id='word_1_178' title='bbox 191 2274 280 2326; x_wconf 91' lang='grc' dir='ltr'>μονες,</span> <span class='ocrx_word' id='word_1_179' title='bbox 295 2247 341 2308; x_wconf 84' lang='grc' dir='ltr'>καὶ</span> <span class='ocrx_word' id='word_1_180' title='bbox 362 2247 431 2307; x_wconf 82' lang='grc' dir='ltr'>θεῶν</span> <span class='ocrx_word' id='word_1_181' title='bbox 450 2250 581 2324; x_wconf 82' lang='grc' dir='ltr'>χρηστῶν</span> <span class='ocrx_word' id='word_1_182' title='bbox 596 2247 689 2324; x_wconf 86' lang='grc' dir='ltr'>ἥκοιεν</span> <span class='ocrx_word' id='word_1_183' title='bbox 708 2247 747 2306; x_wconf 84' lang='grc' dir='ltr'>εὖ·</span> <span class='ocrx_word' id='word_1_184' title='bbox 772 2249 831 2307; x_wconf 85' lang='grc' dir='ltr'>ε’πεὶ</span> <span class='ocrx_word' id='word_1_185' title='bbox 848 2247 990 2326; x_wconf 83' lang='grc' dir='ltr'>Ἀνδρίους</span> 
     </span>
     <span class='ocr_line' id='line_1_27' title="bbox 191 2333 990 2418; baseline 0.003 -23"><span class='ocrx_word' id='word_1_186' title='bbox 191 2362 225 2418; x_wconf 94' lang='grc' dir='ltr'>γε</span> <span class='ocrx_word' id='word_1_187' title='bbox 233 2335 301 2395; x_wconf 82' lang='grc' dir='ltr'>εἶναι</span> <span class='ocrx_word' id='word_1_188' title='bbox 310 2334 459 2416; x_wconf 86' lang='grc' dir='ltr'>γεωπείνας</span> <span class='ocrx_word' id='word_1_189' title='bbox 468 2338 495 2396; x_wconf 80' lang='grc' dir='ltr'>ές</span> <span class='ocrx_word' id='word_1_190' title='bbox 504 2333 539 2394; x_wconf 74' lang='grc' dir='ltr'>τό</span> <span class='ocrx_word' id='word_1_191' title='bbox 545 2335 668 2416; x_wconf 88' lang='grc' dir='ltr'>μέγιστα</span> <span class='ocrx_word' id='word_1_192' title='bbox 681 2335 840 2411; x_wconf 78' lang='grc' dir='ltr'>ἀνήκοντας,</span> <span class='ocrx_word' id='word_1_193' title='bbox 854 2337 900 2396; x_wconf 90' lang='grc' dir='ltr'>καὶ</span> <span class='ocrx_word' id='word_1_194' title='bbox 910 2337 990 2402; x_wconf 76' lang='grc' dir='ltr'>θεοῧς</span> 
     </span>
     <span class='ocr_line' id='line_1_28' title="bbox 192 2421 989 2500; baseline 0.003 -17"><span class='ocrx_word' id='word_1_195' title='bbox 192 2423 240 2483; x_wconf 84' lang='grc' dir='ltr'>δύο</span> <span class='ocrx_word' id='word_1_196' title='bbox 253 2423 411 2500; x_wconf 79' lang='grc' dir='ltr'>ἀχρήστους</span> <span class='ocrx_word' id='word_1_197' title='bbox 425 2421 474 2482; x_wconf 76' lang='grc' dir='ltr'>οὐκ</span> <span class='ocrx_word' id='word_1_198' title='bbox 488 2423 626 2484; x_wconf 70' lang='grc' dir='ltr'>ἐκλείπειν</span> <span class='ocrx_word' id='word_1_199' title='bbox 639 2424 735 2500; x_wconf 87' lang='grc' dir='ltr'>σφέων</span> <span class='ocrx_word' id='word_1_200' title='bbox 747 2423 800 2500; x_wconf 76' lang='grc' dir='ltr'>τὴν</span> <span class='ocrx_word' id='word_1_201' title='bbox 813 2428 909 2500; x_wconf 76' lang='grc' dir='ltr'>νῆσον,</span> <span class='ocrx_word' id='word_1_202' title='bbox 923 2425 989 2485; x_wconf 74' lang='grc' dir='ltr'>ἀλλ’</span> 
     </span>
     <span class='ocr_line' id='line_1_29' title="bbox 191 2511 989 2592; baseline 0.005 -22"><span class='ocrx_word' id='word_1_203' title='bbox 191 2513 244 2570; x_wconf 84' lang='grc' dir='ltr'>αἰεὶ</span> <span class='ocrx_word' id='word_1_204' title='bbox 258 2512 448 2590; x_wconf 87' lang='grc' dir='ltr'>φιλοχωρέειν,</span> <span class='ocrx_word' id='word_1_205' title='bbox 459 2513 562 2588; x_wconf 88' lang='grc' dir='ltr'>Πενίην</span> <span class='ocrx_word' id='word_1_206' title='bbox 575 2513 662 2573; x_wconf 82' lang='grc' dir='ltr'>τεκαὶ</span> <span class='ocrx_word' id='word_1_207' title='bbox 675 2511 857 2592; x_wconf 83' lang='grc' dir='ltr'>Ἀμηχανίην·</span> <span class='ocrx_word' id='word_1_208' title='bbox 869 2513 914 2572; x_wconf 84' lang='grc' dir='ltr'>καὶ</span> <span class='ocrx_word' id='word_1_209' title='bbox 927 2515 989 2574; x_wconf 83' lang='grc' dir='ltr'>τού-</span> 
     </span>
     <span class='ocr_line' id='line_1_30' title="bbox 190 2598 989 2676; baseline 0.003 -16"><span class='ocrx_word' id='word_1_210' title='bbox 190 2624 244 2660; x_wconf 88' lang='grc' dir='ltr'>των</span> <span class='ocrx_word' id='word_1_211' title='bbox 254 2603 308 2659; x_wconf 83' lang='grc' dir='ltr'>τῶν</span> <span class='ocrx_word' id='word_1_212' title='bbox 321 2600 391 2660; x_wconf 84' lang='grc' dir='ltr'>θεῶν</span> <span class='ocrx_word' id='word_1_213' title='bbox 410 2599 569 2676; x_wconf 81' lang='grc' dir='ltr'>ἐπηβόλους</span> <span class='ocrx_word' id='word_1_214' title='bbox 583 2599 677 2663; x_wconf 82' lang='grc' dir='ltr'>ε’όντας</span> <span class='ocrx_word' id='word_1_215' title='bbox 689 2598 831 2676; x_wconf 87' lang='grc' dir='ltr'>Ἀνδρίους</span> <span class='ocrx_word' id='word_1_216' title='bbox 845 2600 877 2660; x_wconf 78' lang='grc' dir='ltr'>οὐ</span> <span class='ocrx_word' id='word_1_217' title='bbox 890 2599 989 2662; x_wconf 83' lang='grc' dir='ltr'>δαίσειν</span> 
     </span>
     <span class='ocr_line' id='line_1_31' title="bbox 190 2685 990 2768; baseline 0.005 -22"><span class='ocrx_word' id='word_1_218' title='bbox 190 2685 331 2767; x_wconf 84' lang='grc' dir='ltr'>χρήματα·</span> <span class='ocrx_word' id='word_1_219' title='bbox 359 2687 487 2748; x_wconf 73' lang='grc' dir='ltr'>οὐδέκοτε</span> <span class='ocrx_word' id='word_1_220' title='bbox 507 2687 562 2768; x_wconf 75' lang='grc' dir='ltr'>γὰρ</span> <span class='ocrx_word' id='word_1_221' title='bbox 582 2691 633 2763; x_wconf 82' lang='grc' dir='ltr'>τῆς</span> <span class='ocrx_word' id='word_1_222' title='bbox 649 2691 753 2748; x_wconf 78' lang='grc' dir='ltr'>ἑωυτῶν</span> <span class='ocrx_word' id='word_1_223' title='bbox 769 2687 919 2766; x_wconf 79' lang='grc' dir='ltr'>ἀδυναμίης</span> <span class='ocrx_word' id='word_1_224' title='bbox 937 2690 990 2768; x_wconf 76' lang='grc' dir='ltr'>την</span> 
     </span>
     <span class='ocr_line' id='line_1_32' title="bbox 189 2773 990 2855; baseline 0.002 -19"><span class='ocrx_word' id='word_1_225' title='bbox 189 2774 343 2852; x_wconf 87' lang='grc' dir='ltr'>Ἀθηναίων</span> <span class='ocrx_word' id='word_1_226' title='bbox 356 2775 470 2855; x_wconf 72' lang='grc' dir='ltr'>δύναμιν</span> <span class='ocrx_word' id='word_1_227' title='bbox 483 2775 552 2836; x_wconf 80' lang='grc' dir='ltr'>εἶναι</span> <span class='ocrx_word' id='word_1_228' title='bbox 566 2775 686 2852; x_wconf 87' lang='grc' dir='ltr'>κρέσσω·</span> <span class='ocrx_word' id='word_1_229' title='bbox 704 2773 782 2837; x_wconf 83' lang='grc' dir='ltr'>οὗτοι</span> <span class='ocrx_word' id='word_1_230' title='bbox 794 2779 846 2854; x_wconf 73' lang='grc' dir='ltr'>μὲν</span> <span class='ocrx_word' id='word_1_231' title='bbox 856 2775 891 2852; x_wconf 70' lang='grc' dir='ltr'>δή</span> <span class='ocrx_word' id='word_1_232' title='bbox 901 2781 990 2838; x_wconf 80' lang='grc' dir='ltr'>ταῦτα</span> 
     </span>
     <span class='ocr_line' id='line_1_33' title="bbox 190 2860 989 2946; baseline 0.001 -22"><span class='ocrx_word' id='word_1_233' title='bbox 190 2862 403 2944; x_wconf 72' lang='grc' dir='ltr'>ὑποκρινόμενοι</span> <span class='ocrx_word' id='word_1_234' title='bbox 422 2863 467 2924; x_wconf 83' lang='grc' dir='ltr'>καὶ</span> <span class='ocrx_word' id='word_1_235' title='bbox 486 2860 518 2922; x_wconf 79' lang='grc' dir='ltr'>οὗ</span> <span class='ocrx_word' id='word_1_236' title='bbox 539 2862 634 2926; x_wconf 86' lang='grc' dir='ltr'>δόντες</span> <span class='ocrx_word' id='word_1_237' title='bbox 648 2864 684 2924; x_wconf 75' lang='grc' dir='ltr'>τὰ</span> <span class='ocrx_word' id='word_1_238' title='bbox 701 2864 842 2943; x_wconf 85' lang='grc' dir='ltr'>χρήματα,</span> <span class='ocrx_word' id='word_1_239' title='bbox 861 2869 989 2946; x_wconf 75' lang='grc' dir='ltr'>ἐπολιορ-</span> 
     </span>
    </p>

    <p class='ocr_par' dir='ltr' id='par_1_4' title="bbox 145 2949 990 3213">
     <span class='ocr_line' id='line_1_34' title="bbox 145 2949 990 3034; baseline 0.004 -22"><span class='ocrx_word' id='word_1_240' title='bbox 145 2953 202 3012; x_wconf 77' lang='grc'>112</span> <span class='ocrx_word' id='word_1_241' title='bbox 212 2953 317 3014; x_wconf 89' lang='grc' dir='ltr'>κέοντο.</span> <span class='ocrx_word' id='word_1_242' title='bbox 345 2949 555 3028; x_wconf 85' lang='grc' dir='ltr'>Θεμιστοκλέης</span> <span class='ocrx_word' id='word_1_243' title='bbox 568 2950 606 3024; x_wconf 79' lang='grc' dir='ltr'>δὲ,</span> <span class='ocrx_word' id='word_1_244' title='bbox 621 2951 653 3012; x_wconf 86' lang='grc' dir='ltr'>ου’</span> <span class='ocrx_word' id='word_1_245' title='bbox 666 2951 721 3034; x_wconf 74' lang='grc' dir='ltr'>γὰρ</span> <span class='ocrx_word' id='word_1_246' title='bbox 732 2953 849 3014; x_wconf 80' lang='grc' dir='ltr'>ἐπαύετο</span> <span class='ocrx_word' id='word_1_247' title='bbox 859 2957 990 3015; x_wconf 88' lang='grc' dir='ltr'>πλεονεκ-</span> 
     </span>
     <span class='ocr_line' id='line_1_35' title="bbox 190 3037 990 3121; baseline 0.003 -19"><span class='ocrx_word' id='word_1_248' title='bbox 190 3043 266 3115; x_wconf 86' lang='grc' dir='ltr'>τέων,</span> <span class='ocrx_word' id='word_1_249' title='bbox 282 3041 432 3117; x_wconf 72' lang='grc' dir='ltr'>ἐσπέμπων</span> <span class='ocrx_word' id='word_1_250' title='bbox 450 3043 477 3101; x_wconf 84' lang='grc' dir='ltr'>ές</span> <span class='ocrx_word' id='word_1_251' title='bbox 494 3037 544 3101; x_wconf 82' lang='grc' dir='ltr'>τοὶς</span> <span class='ocrx_word' id='word_1_252' title='bbox 557 3037 648 3104; x_wconf 80' lang='grc' dir='ltr'>ἄλλος</span> <span class='ocrx_word' id='word_1_253' title='bbox 661 3041 763 3116; x_wconf 85' lang='grc' dir='ltr'>νήσους</span> <span class='ocrx_word' id='word_1_254' title='bbox 777 3041 990 3121; x_wconf 75' lang='grc' dir='ltr'>ἀπειλητηρίους</span> 
     </span>
     <span class='ocr_line' id='line_1_36' title="bbox 190 3125 989 3213; baseline 0.008 -25"><span class='ocrx_word' id='word_1_255' title='bbox 190 3129 300 3210; x_wconf 86' lang='grc' dir='ltr'>λόγους,</span> <span class='ocrx_word' id='word_1_256' title='bbox 315 3128 399 3186; x_wconf 82' lang='grc' dir='ltr'>αἴτεε</span> <span class='ocrx_word' id='word_1_257' title='bbox 424 3125 557 3204; x_wconf 84' lang='grc' dir='ltr'>χρήματα</span> <span class='ocrx_word' id='word_1_258' title='bbox 585 3127 630 3186; x_wconf 76' lang='grc' dir='ltr'>διό</span> <span class='ocrx_word' id='word_1_259' title='bbox 656 3133 710 3188; x_wconf 85' lang='grc' dir='ltr'>τῶν</span> <span class='ocrx_word' id='word_1_260' title='bbox 737 3128 826 3190; x_wconf 76' lang='grc' dir='ltr'>αὐτῶν</span> <span class='ocrx_word' id='word_1_261' title='bbox 853 3130 989 3213; x_wconf 76' lang='grc' dir='ltr'>ἀγγέλων,</span> 
     </span>
    </p>
   </div>
   <div class='ocr_carea' id='block_1_2' title="bbox 193 3213 990 3300">
    <p class='ocr_par' dir='ltr' id='par_1_5' title="bbox 193 3213 990 3300">
     <span class='ocr_line' id='line_1_37' title="bbox 193 3213 990 3300; baseline 0.013 -29"><span class='ocrx_word' id='word_1_262' title='bbox 193 3216 345 3296; x_wconf 80' lang='grc' dir='ltr'>χρεώμενος</span> <span class='ocrx_word' id='word_1_263' title='bbox 360 3213 475 3294; x_wconf 88' lang='grc' dir='ltr'>λόγοισι</span> <span class='ocrx_word' id='word_1_264' title='bbox 492 3217 570 3275; x_wconf 84' lang='grc' dir='ltr'>τοῖσι</span> <span class='ocrx_word' id='word_1_265' title='bbox 588 3215 635 3276; x_wconf 89' lang='grc' dir='ltr'>καὶ</span> <span class='ocrx_word' id='word_1_266' title='bbox 658 3215 728 3294; x_wconf 80' lang='grc' dir='ltr'>πρός</span> <span class='ocrx_word' id='word_1_267' title='bbox 746 3215 888 3297; x_wconf 84' lang='grc' dir='ltr'>Ἀνδρίους</span> <span class='ocrx_word' id='word_1_268' title='bbox 908 3219 990 3300; x_wconf 69' lang='grc' dir='ltr'>ἐχρή-</span> 
     </span>
    </p>
   </div>
   <div class='ocr_carea' id='block_1_3' title="bbox 0 0 1144 3432">
    <p class='ocr_par' dir='ltr' id='par_1_6' title="bbox 0 0 1144 3432">
     <span class='ocr_line' id='line_1_38' title="bbox 0 0 1144 3432; baseline 0 0"><span class='ocrx_word' id='word_1_269' title='bbox 0 0 1144 3432; x_wconf 95' lang='lat' dir='ltr'> </span> 
     </span>
    </p>
   </div>
  </div>
 </body>
</html>
