2204 3430
175 73 269 137 3—10]
485 74 690 124 ουννικοτα.
963 77 978 123 ³

174 153 239 226 τύος
255 151 421 214 κάλλιστον·
442 150 520 214 οὗτοι
536 153 590 230 μέν
603 159 700 230 σφεων
716 155 743 216 οἱ
759 153 979 230 ἐπιφανέστατοι

176 240 258 318 νόμοι
285 242 351 301 εἰσί.
391 241 480 304 Θεούς
505 241 536 301 δὲ
563 242 701 317 σέβονται
727 241 845 320 μούνους
867 237 1011 303 τούσδεῖ

161 327 260 406 Ἰ’Άρεα
281 330 328 388 καὶ
349 329 489 390 Διόνυσον
511 329 557 389 καὶ
573 329 718 407 Ἀρτεμιν·
743 333 770 391 οῖ
791 331 821 390 δὲ
841 331 980 407 βασιλέες

175 417 272 487 αύτοῖν,
281 415 371 493 πάρεξ
376 421 432 477 τοῖν
442 415 538 478 ἄλλων
547 417 712 494 πολιητέων,
723 418 861 496 σέβονται
869 417 978 496 Ἑρμῆν

174 505 304 582 μα’λιστα
330 505 409 566 θεῶν·
437 505 484 564 καὶ
510 504 646 583 ὀμνύουσι
672 509 777 583 μοῦνον
799 510 907 576 τοῦτον,
932 507 979 566 καὶ

175 594 294 674 λέγουσι
309 593 453 674 γεγονέναι
469 591 526 653 ἆπδ
542 593 652 670 Ἑρμέω
668 593 793 658 ἑωυτούς.
833 593 930 670 Ταφαὶ
950 593 980 653 δὲ
994 597 1012 652 8

174 685 252 740 τοῖσι
268 680 415 758 εὐδαίμοσι
435 679 525 740 αύτοῖν
546 682 602 741 εἶσὶ
618 707 648 740 αι
666 707 688 741 ε·
708 685 782 760 τρεῖς
800 683 853 760 μὲν
872 680 978 760 ἡμέρας

175 770 343 845 προτιθέασι
355 767 405 829 τδν
417 768 522 846 νεκρδν,
537 770 584 828 καὶ
596 772 716 830 παντοῖα
729 769 889 846 σφάξαντες
903 768 979 846 ἱρήῖα

176 855 348 936 εὐωχέονται,
362 855 591 932 προκλαύσαντες
608 861 727 934 πρῶτον·
748 859 844 917 ἔπειτα
860 857 890 917 δέ
908 856 978 918 θάπ-

174 969 258 1004 τουσι
274 942 506 1013 κατακαύσαντες,
519 941 538 1020 ἢ
551 942 647 1007 ἄλλως
661 947 699 1024 γῇ
715 944 877 1023 κρύψαντες·
896 948 980 1023 χεῖμα

175 1032 206 1090 δὲ
219 1033 341 1111 χέαντες,
352 1029 446 1112 οἶγῶνα
458 1031 562 1091 τιθεῖσι
571 1035 714 1102 παντοῖον,
725 1036 754 1092 ἐν
764 1035 803 1111 τῷ
812 1029 848 1090 τὰ
857 1033 979 1113 μέγιστα

176 1118 267 1179 ἄεθλα
279 1119 386 1179 τίθεται
399 1116 572 1200 κατὰλόγον
584 1119 785 1199 μουνομαχίης.
826 1119 916 1196 ταφαὶ
928 1121 980 1196 μὲν

176 1205 212 1284 δή
226 1206 352 1283 Θρηίκων
365 1207 421 1266 εἶσὶ
434 1203 526 1266 αὗται.

216 1294 256 1354 'fd
266 1294 297 1353 δὲ
306 1293 378 1372 πρδς
390 1293 484 1406 βορέω
494 1297 546 1370 τῆς
548 1292 651 1406 χιύρης
664 1294 704 1354 ἔτι
713 1293 816 1372 ταύτης
825 1293 914 1360 ούδεὶς
923 1295 981 1376 ίχει
995 1299 1012 1356 9

177 1381 329 1492 φρύσαι
297 1407 331 1442 το
341 1382 461 1460 ἅτρεκες,
471 1381 570 1445 οἵτινές
580 1386 636 1442 εἶσι
646 1381 834 1466 ούριύπων
808 1409 835 1443 οι
845 1383 979 1446 οἰκέοντες

362 1469 370 1492 ἱ
411 1469 419 1492 λ
461 1469 470 1492 Ι
539 1468 551 1492 U

176 1469 272 1545 αύτήν·
293 1468 371 1529 α’λλα
383 1494 420 1529 τα
432 1495 524 1580 περην
531 1470 588 1547 ηδη
598 1475 650 1531 τοῦ
658 1467 801 1548 Ἰστρου’
788 1474 898 1548 ερῆμος
901 1469 979 1550 χιύρη

177 1559 306 1633 φαίνεται
327 1561 414 1617 ἐοῦσα
436 1557 482 1616 καὶ
505 1583 628 1638 απεφος.
668 1558 786 1634 μούνους
809 1558 840 1618 δὲ
862 1557 980 1636 δύναμαι

152 1671 156 1678 ·
176 1646 316 1706 πυθέσθαι
339 1645 478 1708 οἰκέοντας
498 1645 586 1722 πέρην
606 1649 657 1706 τοῦ
673 1643 790 1724 Ἴστρου
810 1644 979 1724 ἄνθρύπους,

175 1737 252 1793 τοῖσι
272 1733 378 1810 ούνομα
396 1733 465 1793 εἶναι
487 1733 622 1815 Σιγύννας
639 1733 739 1810 ε’σθῆτι
758 1733 789 1794 δὲ
808 1733 980 1814 χρεωμένους

177 1821 302 1900 Μηδικῇ·
322 1821 387 1884 τούς
407 1821 437 1880 δὲ
458 1822 559 1884 ἵππους
578 1820 669 1881 αὐτῶν
686 1821 756 1882 εἶναι
771 1822 890 1885 λασίους
904 1819 980 1882 ἅπαν

176 1908 210 1970 τδ
222 1913 307 1986 σῶμα
321 1909 368 1967 ε’πὶ
383 1908 466 1968 πέντε
479 1908 632 1971 δακτύλους
644 1907 678 1968 τδ
693 1907 786 1984 βύθος
801 1912 856 1968 τῶν
868 1912 979 1989 τριχῶν,

176 1995 294 2074 μικρούς
308 1996 337 2054 δὲ
354 1996 400 2054 καὶ
416 1995 517 2072 σιμούς
532 1995 579 2054 καὶ
594 1994 745 2058 ιῖδυνιίτους
760 1993 861 2072 ἄνδρας
874 1997 978 2074 φέρειν·

177 2085 375 2165 ζευγιωμένους
387 2084 417 2144 δέ
430 2083 477 2144 ὕπ’
490 2082 610 2162 ἅρματα,
625 2083 696 2144 εῖναι
710 2081 869 2154 ὀξυτάτους·
889 2082 978 2162 ιῖρμα-

176 2173 323 2248 τηλατέειν
336 2173 367 2233 δὲ
381 2171 452 2251 πρὸς
464 2175 553 2233 ταῦτα
564 2171 630 2237 τούς
646 2171 818 2252 ἐπιχωρίους.
852 2171 978 2248 κατήκειν

178 2261 209 2320 δὲ
230 2261 336 2322 τούτων
358 2261 424 2326 τούς
445 2260 545 2340 ούρους
565 2261 656 2343 α’γχοΰ
676 2260 794 2322 Ἐνετῶν
816 2264 872 2322 τιῖν
893 2266 923 2322 ἐν
942 2264 981 2340 τῷ

177 2349 284 2429 Ἀδρίῃ·
312 2350 383 2410 εἶναι
405 2349 435 2410 δὲ
458 2348 564 2426 Μήδων
583 2350 677 2425 σφέας
696 2349 828 2414 ἀποίκους
851 2349 979 2431 λέγουσι.

178 2436 247 2502 ὅκως
260 2438 290 2497 δὲ
306 2435 383 2498 οὗτοι
397 2437 503 2513 Μήδων
515 2435 627 2496 ἄποικοι
639 2435 784 2518 γεγόνασι,
799 2435 853 2518 ε’γοδ
865 2440 918 2514 μὲν
930 2436 980 2497 ούκ

179 2525 233 2604 ἔχω
249 2525 474 2604 ἐπιφράσασθαι·
494 2526 604 2606 γένοιτο
620 2524 644 2584 δ’
657 2522 691 2584 ἂν
709 2527 766 2586 πᾶν
783 2529 813 2585 ἓν
828 2528 868 2603 τῷ
882 2527 980 2604 μακρῷ

178 2613 279 2693 χρόνῳ.
306 2612 453 2694 (Σιγύννας
466 2611 489 2671 δ’
501 2611 538 2672 ὧν
548 2612 683 2672 καλέουσι
693 2612 794 2694 Λίγυες
804 2615 831 2672 οῖ
844 2611 899 2672 ἄνω
909 2611 979 2690 ύπὲρ

178 2701 355 2777 Μασσαλίης
369 2700 505 2763 οἰκέοντες
516 2698 582 2766 τούς
595 2699 748 2776 καπήλους·
769 2699 893 2778 Κύπριοι
906 2698 980 2760 δὲτιῖ

178 2787 304 2870 δόρατα.)
343 2787 393 2851 Ὡς
416 2787 447 2848 δὲ
470 2785 588 2894 Θρήϊκες
601 2787 734 2868 λέγουσι,
754 2787 894 2864 μέλισσαι
917 2785 1028 2846 κατ-10

180 2875 297 2988 έχουσαι
309 2901 346 2935 τα
359 2875 447 2952 πέρην
459 2878 510 2935 τοῦ
520 2873 674 2952 '’Iorpov
651 2898 716 2933 εισι·
734 2874 781 2932 καὶ
793 2873 849 2932 ύπδ
861 2871 981 2932 τουτέων

179 2960 229 3021 ούκ
251 2961 321 3023 εἶναι
342 2960 518 3022 διελθεῖν
485 2987 518 3021 το
542 2960 721 3038 προσωτέρω.
763 2959 825 3035 ἐμοὶ
848 2956 901 3031 μέν
924 2979 980 3022 νυν,

179 3054 267 3110 ταῦτα
282 3048 413 3130 λέγοντες
429 3047 559 3108 δοκέουσι
576 3045 716 3128 λέγειν’
683 3071 734 3105 ουκ
753 3041 857 3103 οἰκότα·
878 3038 914 3096 τοὶ
926 3062 981 3115 γαρ

180 3139 236 3210 ζῶα
248 3140 339 3198 ταῦτα
352 3135 482 3212 φαίνεται
496 3135 567 3196 εἶναι
579 3133 709 3212 δύσριγα
702 3126 805 3188 ἀλλά
817 3147 866 3199 μοι
878 3145 914 3178 “²
927 3143 982 3178 1)πο

179 3225 231 3304 τήν
240 3225 344 3304 ἄρκτον
354 3221 471 3298 αοίκητα
480 3220 570 3282 δοκέει
583 3219 654 3279 εῖναι
663 3214 708 3275 διαὶ
722 3238 758 3272 τα
748 3209 869 3286 ψύχεα·
896 3229 953 3334 Μή
