2294 3430
106 69 114 110 ἱ
166 85 212 136 194
265 128 267 132 .
470 86 652 137 Ἥοοοοτοο
885 84 961 150 [vn.
1131 117 1141 172 η

164 169 264 240 σφεας,
290 169 373 226 τοῦτο
399 161 631 242 προεΜαπο
658 167 685 224 οἶ
710 167 825 230 Φωκέες·
860 165 906 224 καὶ
927 167 962 226 τῦ

163 250 235 328 ὕδωρ
254 250 288 312 τά
308 251 411 328 θερμδν
426 252 490 312 τότε
510 257 615 328 ἐπῆκαν
633 253 679 312 ἐπὶ
695 251 747 328 τήν
760 251 867 322 ἔσοδον,
882 251 917 316 ὦς
929 251 964 314 ἂν

164 337 354 417 χαραδρωθείη
375 337 391 398 ὁ
410 343 510 418 χῶρος·
530 343 587 400 πᾶν
606 339 814 418 μηχανειύμενοι
834 333 903 404 ὅκως
922 341 964 418 μή

165 431 222 501 σφι
235 424 387 501 ἐσβάλοιεν
401 429 428 485 οἱ
437 427 584 486 Θεσσαλοὶ
598 427 644 486 ἐπὶ
657 426 709 502 τὴν
721 426 824 505 χώρην·
864 427 898 488 τῦ
911 429 964 505 μέν

81 577 84 584 ,
164 538 213 572 νυν
227 515 320 590 τεῖχος
336 512 370 573 τά
386 512 504 592 ἀρχαῖον
519 519 550 572 ἐκ
569 517 692 574 παλαιοῦ
711 539 742 573 τε
763 514 903 592 ἐδέδμητο,
917 516 964 574 καὶ

165 597 198 660 τά
218 600 306 660 πλέον
326 598 484 677 αῦτοῦήδη
506 599 562 661 ῦπά
582 600 685 680 χρόνου
705 602 801 662 ἔκειτο·
828 605 904 662 τοῖσι
925 601 973 675 δέ,.

166 685 242 750 αὖτις
268 685 424 764 ὀρθύσασι,
446 687 522 758 ἔδοξε
547 688 634 767 ταύτῃ
661 687 814 766 ἀπαμύνειν
837 687 894 748 ἀπὸ
913 692 964 765 τῆς

165 773 304 838 Ἑλλάδος
322 773 372 835 τάν
391 775 551 852 βάρβαρον.
592 776 670 853 κύμη
690 775 722 834 δέ
741 780 802 836 ἐστι
817 775 964 857 ἀγχοτάτω

157 865 216 938 ,τῆς
229 861 303 933 ὁδοῦ,
316 861 454 938 Ἀλπηνοὶ
472 862 585 939 οὕνομα·
607 867 637 922 ἐκ
654 862 755 939 ταύτης
775 864 805 924 δὲ
821 868 964 925 ἐπισιτιεῖ-

131 963 132 970 ’
168 951 237 1009 σθαι
250 949 409 1031 ἐλογίζοντο
422 948 604 1026 οἷἜλληνες.

122 1037 178 1097 177
222 1041 258 1097 Οί
270 1040 323 1114 μέν
336 1062 383 1098 νυν
392 1040 479 1117 χῶροι
492 1035 569 1098 οῦτοι
581 1041 657 1098 τοῖσι
664 1036 792 1113 Ἕλλησι
806 1037 874 1097 εἶναι
885 1039 963 1110 ἐφαί-

167 1150 248 1184 νοντο
274 1124 420 1200 ἐπιτήδεοι·
447 1122 556 1184 ἅπαντα
581 1123 636 1206 γάρ
661 1124 895 1202 προσκεψάμενοι,
917 1126 963 1184 καὶ

168 1212 392 1293 ἐπιλογισθέντες
412 1209 455 1272 ὅτι
472 1210 535 1272 οὔτε
554 1211 657 1288 πλήθει
678 1212 772 1281 ἕξουσι
791 1213 916 1292 χρᾶσθαι
937 1217 963 1272 οἱ

167 1297 313 1376 βάρβαροι
328 1296 391 1358 οῦτε
409 1297 492 1378 ἵππῳ,
508 1298 594 1378 ταύτῃ
610 1305 666 1376 σφι
682 1299 756 1368 ἔδοξε
772 1298 901 1360 δέκεσθαι
913 1299 963 1360 τάν

168 1385 281 1446 ἐπιόντα
296 1386 342 1444 ἐπὶ
357 1385 409 1460 τήν
421 1385 556 1446 Ἑλλάδα·
584 1386 619 1450 οῦς
634 1387 663 1446 δὲ
680 1386 813 1448 ἐπύθοντο
828 1387 878 1448 τάν
890 1388 961 1466 Πέρ-

167 1498 222 1548 σην
243 1471 323 1532 ἐόντα
344 1477 373 1532 ἐν
394 1473 503 1550 Πιερίῃ,
519 1473 693 1536 διαλυθέντες
713 1479 744 1534 ἐκ
764 1478 815 1534 τοῦ
836 1475 960 1551 Ἰσθμοῦ,

169 1557 367 1635 ἐστρατεύοντο
391 1558 480 1619 αύτιῦν
504 1562 530 1619 οἱ
552 1563 603 1636 μὲν
627 1565 654 1624 ἐς
674 1560 858 1638 Θερμοπύλας
884 1562 960 1640 πεζῇ,
995 1611 1028 1621 ,Α

167 1644 253 1705 άλλοι
266 1646 295 1705 δὲ
308 1671 377 1706 κατα
392 1646 543 1708 θάλασσαν
558 1647 600 1706 ἐπ’
613 1647 801 1726 Ἀρτεμίσιον.
811 1706 819 1722 ,
912 1648 915 1656 ’
973 1687 978 1698 =

122 1734 180 1796 178
222 1736 259 1792 Οἱ
277 1735 329 1810 μέν
348 1732 382 1810 δή
398 1733 536 1809 Ἕλληνες
556 1735 627 1795 κατά
645 1735 731 1814 τάχος
751 1734 886 1812 ἐβοήθεον
908 1732 963 1794 δια-
990 1748 994 1752 ’
1038 1737 1041 1742 ’

167 1821 323 1900 ταχθέντες.
366 1822 477 1898 Δελφοὶ
490 1821 514 1882 δ’
527 1822 656 1903 ἐντούτῳ
673 1827 712 1902 τῷ
723 1823 813 1903 χρόνῳ
827 1828 963 1902 ἐχρηστη-
1032 1861 1044 1882 .

166 1910 294 1987 ριάζοντο
317 1913 355 1990 τῷ
378 1911 438 1991 θεῷ,
462 1909 531 1988 ῦπέρ
559 1913 662 1971 ἐωυτιῦν
686 1911 733 1970 καὶ
753 1915 803 1987 τῆς
824 1910 963 1976 Ἑλλάδος

166 1999 413 2078 καταρρωδηκότες·
441 1999 490 2060 καί
510 2005 567 2077 σφι
590 1998 716 2079 ἐχρήσθη
739 1997 866 2076 ἀνέμοισι
889 1998 962 2078 εὔχε-

166 2087 245 2147 σθαι·
274 2087 415 2169 μεγάλους
436 2087 493 2168 γάρ
513 2085 627 2150 τούτους
649 2087 765 2148 ἔσεσθαι
788 2089 825 2164 τῇ
844 2085 964 2146 Ἑλλάδι

167 2173 342 2254 συμμάχους.
384 2175 495 2251 Δελφοὶ
528 2175 558 2234 δὲ
591 2173 734 2252 δεξάμενοι
761 2172 794 2233 τῦ
819 2173 962 2249 μαντήϊον,

167 2266 264 2338 πρῶτα
276 2264 334 2337 μὲν,
347 2261 491 2338 Ἑλλήνων
504 2265 580 2322 τοῖσι
589 2262 792 2339 βουλομένοισι
806 2259 875 2321 εἶναι
888 2264 963 2320 ἐλευ-

168 2348 275 2431 θέροισι
288 2347 453 2430 ἐξήγγειλαν
464 2347 501 2409 τά
513 2350 673 2428 χρησθέντα
686 2347 807 2410 αύτοῖσι·
849 2348 897 2406 καί
907 2352 964 2424 σφι

168 2435 260 2511 δεινιῦς
277 2435 498 2514 καταρρωδέουσι
515 2437 565 2497 τάν
578 2436 731 2514 βάρβαρον
746 2435 962 2516 ἐξαγγείλαντες,

166 2522 249 2601 χάριν
259 2521 396 2584 ἀθάνατον
409 2525 564 2584 κατέθεντο·
585 2523 656 2600 μετὰ
669 2523 699 2584 δέ
707 2527 802 2598 τοῦτο,
816 2523 964 2598 οἶΔελφοὶ

166 2612 243 2670 τοῖσι
264 2609 393 2687 ἀνέμοισι
413 2610 512 2687 βωμόν
529 2637 560 2671 τε
580 2610 715 2680 ἀπέδεξαν
733 2616 761 2672 ἐν
777 2609 855 2688 Θυίη,
875 2613 964 2688 τῇπερ
1042 2626 1049 2639 ·

167 2701 218 2773 τῆς
235 2702 371 2774 Κηφισοῦ
389 2696 525 2778 θνγατράς
542 2699 627 2774 Θυίης
643 2697 676 2758 τῦ
696 2695 809 2775 τέμενός
831 2701 900 2766 ἐστι,
923 2694 963 2756 ἐπ’
999 2657 1049 2792 ἐ

6 2853 7 2866 γ
166 2781 201 2861 ἧς
218 2785 265 2844 καὶ
282 2785 298 2846 ὁ
318 2789 408 2866 χιῦρος
425 2782 506 2850 οὗτος
522 2783 574 2862 τήν
593 2785 747 2864 ἐπωνυμίην
767 2785 833 2864 ἔχει·
854 2784 901 2842 καὶ
919 2784 963 2844 θυ-
1031 2823 1042 2840 ·
1057 2786 1077 2800 ”“

6 2891 8 2938 i
70 2935 74 2940 ,
167 2872 253 2951 σίησί
273 2876 365 2950 σφεας
383 2872 530 2950 μετήῖσαν.
571 2873 683 2948 Δελφοὶ
705 2875 757 2949 μὲν
777 2869 812 2947 δή
838 2871 910 2932 κατά
931 2869 965 2932 τῦ
995 2850 1041 2927 Q

168 2960 340 3040 χρηστήριον
353 2961 393 3021 ἔτι
406 2960 452 3020 καὶ
465 2963 514 3022 νῦν
525 2958 590 3023 τοῦς
602 2957 718 3036 ἀνέμους
731 2957 905 3020 ἱλάσκονται.
1013 2955 1041 2996 ⁰²

6 3055 8 3126 1
122 3048 178 3108 179
220 3048 254 3110 ‘O
273 3049 303 3110 δέ
319 3047 445 3112 ναυτικάς
462 3047 570 3126 Ξέρξεω
588 3047 717 3126 στρατδς,
739 3045 915 3125 ἀρμεύμενος
935 3051 966 3106 ἐκ
1013 3053 1042 3122 Ν,

6 3137 9 3231 ή
167 3138 278 3216 Θέρμης
289 3137 397 3209 πόλιος,
411 3138 560 3216 παρέβαλε
573 3139 655 3215 νηυσὶ
668 3142 736 3218 τῇσι
748 3135 852 3215 ἄριστα
863 3133 965 3195 πλεού·
1016 3135 1043 3226 ᾖ
1122 3093 1136 3168 1

169 3249 239 3302 σησι
253 3227 318 3287 δέκα
331 3227 375 3289 ἰθῦ
386 3225 517 3314 Σκιάθουε
538 3227 603 3288 ἔνθα
615 3225 690 3302 ἦσαν
703 3223 965 3301 προφυλάσσουσαι
1019 3239 1041 3268 N
