2280 3432
183 129 256 193 4-7]
487 121 676 173 κκιιτοιιιι.
936 129 983 176 283

182 209 298 276 ἐποίεον,
320 203 386 265 όδέ
405 201 488 264 ἐπιῦν
509 201 555 260 καὶ
576 201 610 278 δή
629 205 658 262 ἐν
677 203 714 281 τῇ
733 203 983 284 Βοιωτίηέλέγετο

182 295 259 364 εἶναι,
278 293 348 352 οὕτω
370 291 404 367 δή
422 288 663 366 ὑπεξεκομίσαντό
681 315 712 350 τε
728 289 820 349 πάντα
840 291 885 349 καὶ
904 291 983 352 αὐτοὶ

181 383 319 458 διέβησαν
333 384 360 443 ἐς
378 381 536 455 Σαλαμῖνα·
558 382 585 440 ἐς
598 377 794 454 Λακεδαίμονά
809 403 841 438 τε
859 379 982 455 ἔπεμπον

180 469 327 551 ἀγγέλους,
341 467 401 545 ἅμα
416 468 467 543 μὲν
482 467 679 544 μεμψομένους
695 469 771 526 τοῖσι
784 465 981 543 Λακεδαιμονί·

179 581 238 616 οισι
257 556 301 617 ὅτι
318 555 457 633 περιεῖδον
474 552 638 630 ἐμβαλόντα
653 553 702 614 τὸν
715 553 866 632 βάρβαρον
887 558 914 617 ἐς
928 554 981 630 τήν

179 641 316 718 Ἀττικήν,
345 641 411 702 ἀλλ’
439 641 471 701 οῦ
498 640 569 717 μετά
595 647 691 717 σφεων
714 640 851 716 ἠντίασαν
878 646 906 705 ἐς
930 638 982 718 τήν

178 731 322 805 Βοιωτίην,
338 729 397 806 ἅμα
415 729 444 788 δέ
461 727 677 804 ῦπομνήσοντας
695 726 751 787 ὅσα
767 735 824 804 σφι
841 727 981 808 ῦπέοχετο

179 815 325 893 ὁΠέρσης
341 817 542 892 μεταβαλοῦσι
561 813 670 874 δώσειν·
691 816 826 891 προεῖπαί
841 841 881 885 τε,
898 815 941 876 ὅτι
957 821 992 877 εἶ’

178 902 218 980 μή
232 902 367 980 α’μυνεῦσι
380 901 565 977 Ἀθηναίοισι,
580 900 616 964 ὥς
630 902 675 959 καὶ
688 901 771 960 αῦτοί
781 927 842 960 τινα
855 901 981 979 ἀλεωρήν

179 989 352 1066 εῦρήσονται.
396 992 423 1048 οἶ
442 987 497 1070 γὸρ
520 987 554 1064 δή
581 988 794 1065 Λακεδαιμόνιοι
814 987 930 1065 ὅρταζόν
950 1017 979 1050 τε

177 1082 277 1138 τοῦτον
303 1077 354 1139 τὸν
379 1077 481 1157 χρόνον
509 1077 558 1136 καί
582 1082 638 1152 σφι
662 1075 698 1151 ἦν
723 1075 875 1136 Ὑακίνθια·
916 1078 980 1155 περὶ

177 1165 316 1227 πλείστου
330 1165 353 1226 δ’
366 1165 436 1247 ἦγον
449 1164 484 1225 τὸ
500 1167 551 1224 τοῦ
570 1166 636 1225 θεοῦ
654 1162 813 1240 πορσύνειν·
834 1162 893 1240 ἅμα
905 1163 935 1223 δὲ
947 1165 980 1226 τὸ

176 1253 270 1332 τεῖχός
282 1261 338 1330 σφι
351 1254 384 1314 τὸ
397 1259 426 1313 ἐν
439 1257 478 1332 τῷ
489 1252 596 1331 Ἰσθμῷ
612 1252 742 1331 ἐτείχεον·
763 1251 809 1310 καὶ
824 1250 878 1327 ἤδη
892 1250 978 1310 ἐπάλ-

178 1339 233 1410 ξεις
246 1341 400 1418 ἐλάμβανε.
627 1352 629 1358 ’

217 1428 265 1492 Ὡς
281 1429 311 1488 δὲ
329 1428 462 1489 ἀπίκοντο
484 1433 511 1492 ἐς
530 1427 583 1504 τήν
600 1427 795 1505 Λακεδαίμονα
815 1431 842 1488 οἱ
861 1425 1005 1510 ὁγγελοι7

176 1519 204 1576 οἱ
230 1515 277 1577 α’π’
302 1515 456 1593 Ἀθηναίων
475 1516 543 1594 7ὁμο
565 1514 697 1598 ιίγόμενοι
724 1517 753 1575 έκ
780 1541 811 1576 τε
838 1516 978 1598 Μεγάρων

175 1603 313 1686 α’γγέλους
326 1606 373 1664 καὶ
387 1611 416 1665 ἐκ
430 1603 605 1673 Πλαταιέων,
620 1605 719 1686 ἔλεγον
734 1602 800 1664 τάδε
814 1603 978 1667 ἐπελθόντες

175 1693 222 1751 ἐπὶ
255 1693 320 1757 τοῦς
353 1693 480 1770 ἐφόρους·
523 1701 542 1729 “
550 1692 677 1770 ἔπεμψαν
710 1691 798 1770 ήμέας
824 1691 975 1768 Ἀθηναῖοι,

174 1781 304 1860 λέγοντες
317 1780 361 1840 ὅτι
373 1781 440 1858 ἡμῖν
455 1780 596 1858 βασιλεῦς
609 1779 625 1840 ό
639 1780 751 1856 Μήδων,
765 1784 849 1842 τοῦτο
861 1783 913 1858 μὲν
925 1781 976 1858 τήν

173 1865 267 1944 χώρην
281 1867 416 1940 ἀποδιδοῖ,
430 1872 513 1926 τοῦτο
530 1869 560 1926 δὲ
578 1867 744 1945 συμμάχους
763 1869 853 1927 ἐθέλει
871 1867 913 1927 ἐπ’
926 1870 976 1948 ἴση

174 1977 204 2010 τε
218 1954 264 2010 καὶ
277 1953 361 2031 ὁμοίη
375 1953 560 2028 ποιήσασθαι,
576 1951 640 2011 ἄνευ
652 1979 683 2012 τε
697 1954 782 2012 δόλου
799 1955 845 2011 καὶ
858 1954 974 2030 ἀπάτης·

175 2039 266 2100 ε’θέλέι
279 2040 309 2098 δὲ
322 2039 369 2097 καὶ
386 2038 478 2115 ἄλλην
492 2037 592 2118 χώρηνΙ
604 2039 675 2116 πρός
689 2042 724 2118 τῇ
738 2038 859 2118 ἡμετέρη
873 2040 976 2102 διδόναι

173 2127 225 2203 τήν
244 2126 278 2187 ἂν
298 2125 377 2187 αὖτοὶ
398 2127 532 2204 ἑλοίμεθα,
549 2126 629 2203 ήμεῖς
649 2127 679 2186 δέ
700 2128 756 2186 Δία
775 2153 807 2186 τε
825 2127 975 2203 Ἑλλήνιον
998 2131 1013 2143 ’”

173 2214 347 2278 αἰδεσθέντες
360 2215 406 2274 καὶ
418 2215 469 2290 τήν
485 2213 613 2273 Ἑλλάδα
630 2214 719 2274 δεινόν
736 2214 894 2292 ποιεύμενοι
907 2242 974 2293 προ·

173 2303 276 2373 δοῦναι,
297 2302 330 2362 οὗ
348 2303 557 2380 καταινέσαμεν,
574 2300 653 2362 ιίλλὸ
671 2301 857 2380 ἀπειπάμεθα,
875 2305 973 2383 καίπερ

172 2390 345 2469 ἀδικεόμενοι
372 2390 419 2450 ὁπ’
447 2389 592 2468 Ἑλλήνων
626 2392 672 2451 καὶ
702 2391 973 2470 καταπροδιδόμενοι,

172 2479 357 2557 ἐπιστάμενοί
373 2507 405 2540 τε
424 2480 468 2541 ὅτι
489 2473 708 2558 κερδαλεώτερόν
729 2484 791 2542 ἐστι
810 2480 974 2562 ὁμολογέειν

171 2569 211 2645 τῷ
234 2568 334 2645 Πέρση
357 2572 471 2645 μᾶλλον
493 2567 565 2646 ἧπερ
589 2570 747 2647 πολεμέειν·
780 2568 813 2630 οῦ
835 2573 887 2648 μέν
911 2570 975 2630 οὐδὲ

172 2652 391 2734 ὁμολογήσομεν
403 2656 511 2720 ἑκόντες
525 2657 603 2718 εἶναι.
645 2660 691 2718 καὶ
709 2659 742 2719 τὸ
754 2661 806 2736 μὲν
819 2658 867 2718 α’π’
880 2659 973 2736 ήμέων

173 2738 244 2799 οὕτω
267 2741 424 2818 ἀκίβδηλον
451 2745 497 2806 ἐδν
523 2746 635 2824 νέμεται
663 2748 708 2807 ἐπὶ
733 2746 798 2810 τοῦς
818 2746 971 2823 Ἕλληνας·

171 2826 250 2904 ῦμεῖς
270 2829 307 2898 δέ,
329 2835 356 2893 ἐς
379 2836 477 2893 πᾶσαν
499 2833 634 2911 ἀρρωδίην
659 2834 724 2895 τότε
748 2832 912 2911 ἀπικόμενοι
931 2833 972 2912 μή

171 2914 396 2997 ὁμολογήσωμεν
422 2923 460 2998 τῷ
486 2922 595 3000 Πέρση,
623 2924 685 2981 ἐπεί
708 2947 740 2982 τε
768 2921 913 2999 ἐξεμάθετε
938 2922 971 2982 τὸ

170 3002 306 3081 ἡμέτερον
319 3005 451 3083 φρόνημα
469 3009 590 3083 σαφέως,
605 3008 648 3068 ὅτι
666 3009 774 3086 οὖδαμὸ
790 3007 972 3086 προδώσομεν

170 3091 224 3168 τήν
235 3091 370 3164 Ἐλλάδα,
385 3095 431 3153 καὶ
449 3095 519 3156 διότι
539 3100 631 3176 τεῖχος
644 3097 717 3174 ὑμῖν
728 3098 773 3157 διὰ
790 3101 840 3158 τοῦ
853 3095 971 3176 Ἰσθμοῦ

171 3181 356 3261 ἐλαυνόμενον
370 3187 399 3242 ἐν
413 3183 490 3244 τέλεΐ
507 3190 577 3256 ἐστι,
593 3187 639 3245 καὶ
656 3185 691 3262 δή
707 3185 795 3268 λόγον
808 3186 906 3248 οὐδένα
918 3191 973 3248 τῶν

169 3267 323 3348 Ἀθηναίων
335 3271 475 3334 ποιέεσθε·
496 3273 663 3350 συνθέμενοί
673 3298 704 3335 τε
716 3273 785 3352 ἡμῖν
796 3275 847 3338 τὸν
857 3277 977 3354 Πέρσην·
