2294 3430
205 145 314 211 68-75]
534 145 720 195 ΠΟΛΤΜΝῙΛ.
959 148 1003 196 151

203 227 288 288 Ἰνδοὶ
303 231 472 306 ἐσεσάχατο,
486 226 695 305 προμετωπίδια
715 227 745 286 δὲ
763 221 857 286 1ίππων
871 225 948 306 εἶχον
961 228 1007 286 ἐπὶ

202 319 271 394 τῇσι
285 319 429 394 κεφαλῇσι
443 314 497 375 σύν
509 341 540 376 τε
553 319 629 374 τοῖσι
643 312 696 374 ῶσὶ
710 313 892 391 ἐκδεδαρμένα
905 314 952 373 καὶ
970 319 1007 394 τῇ

203 408 305 484 λοφιῇ·
326 404 372 462 καὶ
386 402 446 463 α’ντὶ
459 406 511 480 μὲν
524 402 619 478 λόφου
632 402 651 478 η’
665 402 755 478 λοφιὴ
770 404 901 481 κατέχρα·
921 402 958 462 τά
979 404 1008 462 δὲ

205 492 261 552 ῶτα
278 495 332 553 τῶν
354 492 445 552 ἵππων
463 490 534 568 ὀρθά
546 489 694 572 πεπηγότα
708 491 793 572 εἶχον·
814 491 1008 568 προβλήματα

204 581 234 640 δέ
252 579 311 641 α’ντ’
325 579 451 640 ἀσπίδων
472 583 615 638 ἐποιεῦντο
628 577 751 660 γεράνων
765 577 857 656 δοράς.
899 579 1004 655 Λίβυες
1015 581 1051 640 'll

203 669 233 727 δέ
254 667 359 744 σκευῇν
378 670 431 744 μὲν
452 667 585 742 σκυτίνην
606 665 693 742 ῇϊσαν
714 667 832 744 ἔχοντες,
851 665 1005 727 ἀκοντίοισι

203 757 233 816 δὲ
257 755 432 816 ἐπικαύτοισι
456 753 618 833 χρεόμενοι·
643 751 767 832 άρχοντα
787 754 817 812 δὲ
840 755 1007 834 παρείχοντο

204 844 370 924 Μασσάγην
390 841 440 902 τῦν
460 842 601 919 Ὀαρίζου.
643 840 834 921 Παφλαγόνες
855 842 885 900 δέ
907 844 1054 922 ἐστρα-ἵῖ,

203 931 318 991 τεύοντο
337 931 383 990 ἐπὶ
402 933 454 1006 μὲν
474 933 542 1008 τῇσι
564 932 709 1006 κεφαλῇσι
725 929 833 1006 ἔχοντες
847 928 947 1006 κράνεα
959 955 1007 989 πε-

203 1019 356 1100 πλεγμένα,
370 1016 493 1081 οἶσπίδας
511 1017 541 1076 δέ
560 1016 688 1092 σμικράς,
703 1014 806 1094 αἰχμὰς
819 1015 849 1074 δὲ
869 1015 902 1075 οῦ
921 1017 1006 1098 μεγά-

203 1109 265 1170 λας·
287 1106 358 1183 πρδς
376 1106 413 1175 δέ,
428 1103 542 1164 άκόντια
564 1097 610 1162 καὶ
632 1103 790 1183 ἐγχειρίδια·
811 1103 875 1179 περὶ
893 1103 923 1162 δέ
942 1105 1006 1169 τοῦς

203 1193 299 1264 πόδας,
320 1193 423 1252 πέδιλα
448 1179 583 1271 ἐπιχώρια
607 1196 635 1253 ἐς
656 1191 749 1267 μέσην
772 1189 878 1268 κνῇμην
901 1191 1006 1252 οἷνατεί-

204 1306 296 1341 νοντα.
337 1282 440 1362 Λίγυες
454 1280 484 1339 δέ
498 1281 545 1338 καὶ
558 1279 698 1354 Ματιηνοὶ
712 1280 758 1337 καὶ
771 1278 962 1356 Μαριανδυνοί
972 1306 1003 1340 τε

205 1369 250 1427 καὶ
264 1369 349 1446 Σύροι
367 1367 420 1444 τῇν
441 1366 527 1443 αῦτῇν
543 1368 653 1446 ἔχοντες
666 1365 845 1446 Παφλαγόσι
860 1367 1004 1444 ἐστρατεύ-

205 1481 278 1515 οντο·
300 1459 326 1515 οἱ
347 1456 377 1515 δέ
390 1454 475 1533 Σύροι
496 1451 573 1514 οῦτοι
593 1453 649 1514 ύπῦ
668 1455 801 1532 Περσέων
815 1455 1004 1515 Καππαδόκαι

205 1545 361 1604 καλέονται·
383 1541 584 1624 Παφλαγόνων
596 1543 649 1619 μέν
661 1569 709 1602 νυν
723 1543 769 1601 καὶ
782 1547 933 1620 Ματιηνῶν
944 1548 1004 1602 Λῶ-

204 1631 282 1694 τοςὸ
303 1630 486 1713 Μεγασίδρου
507 1628 587 1709 ἦρχε·
609 1630 809 1708 Μαριανδυνῶν
833 1631 862 1690 δέ
887 1632 932 1690 καὶ
956 1639 1004 1691 Λι-

203 1718 277 1795 γύων
295 1721 341 1778 καὶ
358 1718 453 1795 Σύρων
470 1717 605 1794 Γωβρύης
626 1717 642 1778 ό
657 1719 777 1795 Δαρείου
795 1743 826 1778 τε
847 1719 893 1778 καὶ
908 1718 1004 1796 Ἀρτυ-

131 1807 135 1818 “
205 1805 321 1882 στῶνης.
363 1805 469 1886 Φρύγες
489 1805 520 1864 δέ
541 1803 688 1886 ἀγχοτάτω
708 1809 759 1880 τῆς
780 1811 1003 1886 Παφλαγονικῆς
1013 1807 1051 1868 73

205 1893 307 1968 σκευῇν
321 1893 405 1971 εἶχον,
414 1893 513 1974 ὀλίγον
525 1891 789 1972 παραλλάσσοντες·
804 1896 831 1952 οἱ
845 1893 874 1951 δὲ
887 1892 1002 1973 Φρύγες,

205 1979 241 2041 ῶς
264 1979 424 2044 Μακεδόνες
449 1981 575 2061 λέγουσι,
602 1980 750 2039 ἐκαλέοντο
777 1980 876 2065 Βρίγες
902 1980 1004 2057 χρόνον

205 2065 275 2126 ὅσον
297 2067 457 2144 Εὖρωπῇῖοι
484 2066 573 2131 ἐόντες
599 2067 724 2127 σύνοικοι
749 2065 824 2143 ἦσαν
846 2067 1003 2127 Μακεδόσι·

204 2155 378 2231 μεταβάντες
396 2156 426 2215 δέ
445 2161 473 2219 ἐς
492 2155 545 2232 τῇν
563 2155 672 2231 Ἀσίην,
687 2152 746 2230 ἅμα
758 2157 794 2232 τῇ
806 2154 884 2234 χώρη
905 2155 950 2214 καὶ
970 2156 1003 2216 τό

205 2241 310 2319 οὕνομα
327 2243 488 2320 μετέβαλον
506 2249 533 2306 ἐς
550 2242 670 2324 Φρύγας.
710 2240 850 2319 Ἀρμένιοι
871 2243 901 2302 δὲ
921 2244 1001 2304 κατά-

204 2355 257 2408 περ
267 2330 373 2412 Φρύγες
384 2331 551 2410 ἐσεσάχατο,
567 2330 779 2411 ἐόντεςΦρυγῶν
792 2330 912 2391 ἄποικοι.
939 2332 1002 2392 τού-

204 2442 258 2477 των
278 2419 498 2496 συναμφοτέρων
518 2417 589 2496 ἦρχε
609 2417 774 2497 Ἀρτόχμης,
793 2421 913 2496 Δαρείου
935 2421 1004 2499 ἔχων

205 2505 353 2586 θυγατέρα.
394 2505 481 2565 Λυδοὶ
499 2506 528 2564 δέ
548 2505 695 2585 ἀγχοτάτω
707 2510 762 2566 τῶν
773 2506 946 2584 Ἑλληνικῶν
967 2509 1049 2569 ε1-74

203 2618 257 2670 χον
274 2594 360 2654 ὅπλα·
381 2593 421 2675 (οἱ
441 2594 471 2653 δέ
483 2593 570 2652 Λυδοὶ
589 2593 710 2670 Μηίονες
730 2598 879 2656 ἐκαλεῦντο
897 2595 930 2655 τό
950 2595 1002 2656 πά-

204 2682 263 2738 λαι·
284 2682 330 2740 ἐπὶ
343 2682 373 2740 δὲ
386 2681 479 2741 Λυδοῦ
491 2685 541 2741 τοῦ
557 2680 659 2744 ’Λτυος
673 2683 759 2761 ἔσχον
773 2683 825 2759 τῇν
838 2685 1001 2760 ἐπωνυμίην,

204 2769 414 2843 μεταβαλόντες
434 2769 467 2829 τῦ
486 2767 611 2847 οὕνομα)
633 2771 731 2828 Μυσοὶ
752 2770 782 2829 δὲ
799 2772 845 2830 ἐπὶ
862 2773 914 2849 μὲν
933 2777 1002 2852 τῇσι

205 2859 350 2934 κεφαλῇσι
369 2855 445 2935 εἶχον
466 2855 566 2933 κράνεα
588 2855 730 2936 ἐπιχώρια,
746 2857 868 2922 άσπίδας
888 2860 917 2918 δέ
937 2884 1001 2936 σμι-

205 2942 282 3019 κράς·
303 2943 458 3004 ἀκοντίοισι
471 2943 500 3002 δέ
514 2945 648 3022 ἐχρέωντο
662 2945 844 3006 ἐπικαύτοισι·
864 2945 954 3025 (οῦτοι
972 2948 1004 3006 δέ

205 3035 261 3090 εἰσι
274 3032 372 3091 Λυδῶν
391 3030 512 3090 ἄποικοι·
532 3031 580 3090 ἀπ’
595 3031 751 3110 Οῦλύμπου
767 3034 796 3092 δέ
814 3031 909 3110 οὔρεος
922 3036 1001 3093 καλέ-

205 3119 507 3198 ονταιΟύλυμπιηνοί·)
521 3120 618 3179 Λυδῶν
631 3121 661 3179 δέ
675 3123 720 3179 καὶ
734 3125 842 3180 Μυσῶν
855 3120 925 3198 ἦρχε
938 3121 1001 3198 Ἀρ·

204 3207 345 3282 ταφέρνης
357 3205 373 3264 ὁ
386 3203 596 3281 Ἀρταφέρνεος,
611 3206 641 3270 ὃς
654 3213 682 3270 ἐς
695 3208 856 3283 Μαραθῶνα
877 3209 1002 3286 ἐσέβαλε

207 3287 267 3365 ἅμα
278 3291 360 3351 Δάτι.
389 3288 506 3367 Θρήϊκες
518 3290 556 3361 δέ,
571 3292 616 3350 ἐπὶ
628 3295 680 3368 μὲν
693 3297 761 3370 τῇσι
774 3297 918 3374 κεφαλῇσι
930 3294 1014 3356 ‹im-¹

1049 1988 1065 2012 Ι
