2294 3430
167 113 275 178 ,ιη-ου]
402 135 407 148 ·
483 109 669 161 ιιοιιυιιυιι.
924 113 968 161 ιιι

166 193 273 269 μίζετο,
286 189 323 249 τά
345 191 466 266 ἔμπαλιν
485 179 624 265 πρήσσων
642 191 693 250 τοῦ
705 179 800 260 πεζοῦ·
821 189 836 250 6
849 193 901 266 μὲν
913 190 969 271 ’γάρ

166 280 237 358 πρός
256 277 378 354 ἕσπέρην
398 277 480 336 ἐπλεε
499 271 547 336 ἐπὶΙ
562 277 753 354 Σαρπηδονίης
773 275 858 354 ἄκρης
878 277 969 336 ποιεύ-

167 395 248 447 μενος
262 366 315 442 τήν
330 366 431 436 ἄπιξιν,
446 371 474 428 ἐς
487 365 538 441 τὴν
558 365 631 444 αύτῷ
649 367 797 443 προείρητο
811 365 968 446 άπικομίνη

167 457 332 534 περιμένειν·
354 453 370 513 ὁ
392 454 422 512 δὲ
445 453 502 513 κατ’
518 453 634 532 ἤπειρον
652 454 773 532 στρατός
790 453 860 530 πρός
880 453 921 530 ἠῶ
937 481 969 514 τε

168 545 214 602 καὶ
233 543 318 619 ἡλίου
339 541 478 605 ἀνατολάς
499 544 622 602 ἐποιέετο
634 543 686 618 τήν
700 541 764 603 ὁδόν
777 541 823 602 διά
835 545 886 618 τῆς
898 547 969 620 Xep·

168 632 303 707 σονήσου,
319 637 348 690 ἐν
367 625 444 709 Ιδεξιῇ
463 633 515 707 μὲν
536 632 604 710 ἔχων
621 631 670 690 τόν
684 630 795 706 Ἕλλης
810 630 902 705 τάφον
920 635 970 705 τῆς

167 719 352 796 Ἀθάμαντος,
367 723 396 778 ἐν
411 717 548 797 ,ἀριστερῇ
556 779 558 783 ,
568 719 598 778 δὲ
611 719 736 795 Καρδίην
747 717 845 788 πόλιν,
860 715 905 776 διά
918 717 967 794 με’-

168 834 222 883 σης
235 808 266 866 δὲ
279 806 464 884 πορευόμενος
476 806 576 870 πόλιος
591 810 633 886 τῇ
647 804 752 882 ούνομα
771 805 903 886 τυγχάνει
924 803 970 865 ἐόν

168 893 284 976 Ἀγορή·
308 893 432 955 ἐνθεῦτεν
444 895 483 954 ’δὲ
504 895 636 972 κάμπτον
654 886 704 954 τόν
721 893 832 953 Ικόλπον
848 893 898 953 τόν
911 894 968 966 Mi-

169 985 242 1042 λανα
270 983 447 1060 καλεόμενον,
469 1009 515 1042 και
505 983 655 1048 Μέλανα
670 981 810 1058 ποταμόν,
831 979 881 1040 ούκ
906 979 969 1042 άντ-

170 1072 289 1154 ισχύντα
303 1071 367 1131 τότε
376 1074 540 1181 πῇστρατιῇ
548 1097 582 1130 το
573 1069 777 1178 ρέεθρονάλλ
776 1067 969 1139 ’ἐπιλιπόντα,

169 1163 269 1218 τοῦτον
288 1159 339 1219 τόν
361 1158 489 1236 ποταμόν
510 1158 597 1218 δια
580 1183 613 1220 ας
630 1155 737 1238 (ἐπ”
705 1183 737 1216 ου
759 1155 805 1215 καὶ
825 1183 842 1216 ο
833 1154 970 1220 κόλπος

170 1245 251 1310 οὗτος
268 1247 320 1334 την
343 1249 497 1324 ἐπωνυμίην
510 1244 615 1325 ἐχει)”
597 1253 640 1321 η’ίε
653 1245 723 1330 πρός
741 1245 869 1322 ἑσπέρην,
885 1244 970 1304 Αἶνόν

170 1361 201 1396 τε
221 1335 305 1395 πόλιν
318 1335 436 1395 Αἰολίδα
458 1361 504 1393 και
493 1325 682 1410 Στεντορίδα
702 1327 804 1423 λίμνην
823 1331 968 1408 παρεξιὼν,

171 1429 198 1484 ἐς
212 1423 227 1482 6
242 1421 356 1483 άπίκετο
370 1429 397 1486 ἐς
411 1424 562 1500 Δορίσκον.
598 1421 632 1480 Ο
646 1421 685 1479 δὲ
690 1414 829 1499 Δορίσκος
844 1420 953 1480 ἔστι
917 1445 967 1496 της
977 1421 1016 1482 59

170 1512 293 1622 Θρηίκης
305 1503 433 1592 αύγιαλός
446 1537 477 1596 τε
491 1537 537 1568 και
527 1510 695 1579 πεδίον’
657 1535 740 1589 μεγα·
755 1508 818 1588 (διά
828 1503 917 1568 δὲ’
882 1511 968 1568 αυτοῦ

170 1600 225 1676 ρέει
246 1599 372 1677 ποταμός
391 1599 479 1680 μέγας
492 1597 657 1706 Ἕβρος·’)
644 1623 673 1656 εν
685 1601 724 1656 τῶ
710 1595 830 1676 τεῖχός
846 1621 877 1657 τε
894 1596 969 1655 ἐδίδ-

170 1711 242 1762 μητο
263 1686 565 1762 βασιλήϊον-τούτο
565 1711 599 1745 το
590 1684 657 1761 δη
677 1657 817 1776 Δόρίσκος
837 1685 970 1760 κε’κληται

170 1775 257 1832 -καὶ
285 1775 419 1852 Περσέων
445 1773 593 1880 ᾦρουρη’
579 1800 609 1834 εν
634 1771 719 1832 αύτῶ
715 1773 894 1886 ΙΙκατεστήκεε
913 1771 969 1833 ύπδ

170 1863 290 1938 Δαρείου
312 1862 373 1930 ἐξ’
360 1862 464 1920 εκείνου
481 1865 532 1921 τοῦ
550 1861 651 1940 χρόνου
669 1861 732 1920 ἐπεί
747 1886 778 1920 τε
795 1866 843 1920 ε’πι
832 1861 969 1924 Σκύθας

171 1948 362 2025 ἐστρατεύετο.
403 1948 479 2018 ἔδοξε
504 1947 542 2008 ὧν
567 1948 719 2028 τῷΞέρξη
745 1947 762 2008 6
784 1951 873 2026 χῶρος
900 1947 970 2006 εἶναι

159 2036 312 2118 ,ἐπιτήδεος
333 2029 489 2105 ἐνδιατάξαι
508 2035 540 2096 τε
560 2037 606 2095 καὶ
624 2031 810 2114 ἐξαριθμῆσαι
822 2035 871 2094 τόν
884 2056 968 2111 στρα-

168 2123 228 2182 τόν·
251 2124 296 2181 καὶ
311 2118 400 2188 ἐποίεε
412 2127 509 2183 ταῦτα.
548 2123 599 2186 τάς
611 2125 663 2200 μέν
676 2123 709 2200 δή
723 2125 785 2187 νέας
804 2123 854 2186 τάς
874 2122 970 2188 πάσας

169 2211 347 2288 άπικομένας·
363 2215 391 2274 ἐς
412 2206 557 2288 ΔορίσκονΙ
574 2215 602 2271 οἱ
623 2210 765 2290 ναύαρχοι,
788 2209 970 2276 κελαύσαντος

170 2300 285 2375 Ξέρξεω,
300 2304 328 2362 ἐς
340 2293 391 2359 τόν
405 2298 534 2380 αἰγιαλόν
546 2298 753 2379 τδνθπροσεχέα
767 2295 969 2379 Δορίσκῳ-ἐκό-

168 2413 267 2463 μισαν·
289 2392 318 2446 ἐν
329 2383 369 2465 τῷ
379 2387 464 2463 ’Σάλη
476 2413 507 2448 τε
521 2387 712 2464 Σαμοθρηῖκίη
725 2384 897 2447 πεπόλισται
917 2387 968 2448 τό·

168 2479 213 2538 λις
238 2477 283 2534 καὶ
305 2475 391 2550 Ζώνη,
412 2476 558 2535 τελευταία
580 2475 610 2534 δὲ
631 2474 716 2534 αύτοΰ
739 2477 875 2553 Σέρρειον,
898 2474 969 2554 άκρη

169 2559 326 2640 ἆνομαστήῖ
346 2563 362 2622 6
380 2563 410 2622 δὲ
427 2567 519 2641 χῶρος
540 2560 621 2626 οὗτος
640 2562 673 2622 τό
691 2561 814 2623 παλαιόν
833 2561 869 2638 ἦν
885 2563 970 2624 Κικό-

170 2677 230 2710 νων.
273 2657 300 2714 ἐς
313 2655 412 2711 τούτον
424 2650 474 2710 τόν
486 2649 617 2732 αἰγιαλόν
635 2650 831 2730 κατασχόντες,
844 2650 894 2714 τάς
908 2651 970 2714 νέας

170 2737 309 2816 ἀνέψυχον
327 2735 538 2802 ἀνελκύσαντες·
560 2764 576 2797 ο
568 2737 646 2797 ‘66’
633 2764 662 2798 εν
674 2763 713 2817 τῳ
698 2739 857 2848 Δορίσκῳ
869 2743 970 2800 τοῦτον

169 2825 218 2884 τόν
234 2826 336 2904 χρόνον
349 2831 400 2902 τῆς
413 2829 547 2902 στρατιῆς
565 2824 716 2903 άριθμόν’
703 2851 836 2887 εποιεετο.
872 2825 966 2886 Οσον
978 2825 1016 2884 60

170 2915 220 2988 μέν
238 2941 287 2973 νυν
306 2915 421 2974 ἕκαστοι
439 2917 575 2991 παρεῖχον
594 2911 738 2988 πληθος’
725 2939 753 2976 ες
773 2911 952 2992 άριθμδν,’
920 2940 969 2972 ουκ

170 3001 223 3077 ἔχω
243 3001 318 3058 εἶπαι
330 3001 364 3060 τό
378 3001 506 3109 άτρεκίς·Ι
520 2998 552 3058 ού
564 3000 619 3080 γάρ
633 3001 745 3080 λέγεται
758 3000 828 3106 πρός
842 2999 969 3075 οὐδαμῶν

169 3086 329 3164 ἀνθρώπων·
346 3089 519 3164 σύμπαντος
540 3087 569 3145 δὲ
592 3091 642 3146 τοῦ
666 3091 789 3163 στρατοῦ
812 3091 861 3145 τοῦ
885 3087 970 3156 πεζοῦ

169 3200 202 3233 το
192 3174 330 3250 πλῆθος
347 3175 445 3250 ἐφάνη
451 3169 702 3283 ἐβδομήκοντμ
659 3199 705 3232 και
718 3172 816 3232 ἐκατδν
828 3173 968 3249 μυριάδες.

169 3263 360 3338 ἐξηρίθμησαν
378 3263 408 3320 δὲ
427 3257 552 3322 τόνδε
519 3287 569 3321 πον
581 3259 696 3338 τρόπον·
717 3258 921 3339 συναγαγόντες
941 3264 969 3326 ἐς
