2294 3430
182 135 230 185 ιω
489 133 672 184 Ἤτοιουου
919 136 981 202 [τι

182 237 266 290 μενον
281 213 411 290 τρέπεται
426 214 580 291 τριφασίας
598 213 686 276 ὁδούς·
709 213 756 273 καὶ
768 212 788 290 ἤ
802 216 854 292 μὴ’
867 213 983 292 ἀσφαλ-

183 327 231 365 τος
244 302 290 362 καὶ
308 303 335 360 οἶ
351 300 417 364 ἅλες
435 301 589 381 πήγνυνται
608 303 772 378 παραυτίκα,
786 300 820 362 τά
839 302 869 361 δὲ
889 304 983 364 ἔλαιον

182 389 337 470 συνάγουσι
354 393 383 448 έν
401 387 530 469 ἀγγείοις,
544 388 578 448 τδ
592 392 619 448 οἱ
633 389 745 465 Πέρσαι
758 390 895 449 καλέουσι
907 391 982 467 ῥαδι-

181 475 277 553 νάκην·
291 475 392 536 ἔστιδὲ
401 477 492 553 μέλαν
503 477 549 535 καὶ
559 475 649 553 ὀδμήν
659 476 850 555 παρεχόμενον
863 479 981 554 βαρέαν·
1042 507 1045 510 ·

181 565 300 625 ε’νθαῦτα
311 563 377 626 τούς
388 563 544 640 Ἐρετριέας
554 564 695 623 κατοίκισε
704 563 845 640 βασιλεδς
852 569 980 642 Δαρεῖος·

182 652 209 711 οἳ
225 652 270 709 καὶ
285 652 369 729 μέχρι
385 651 450 726 ε’μέο
470 650 546 729 εἶχον
560 650 613 726 τήν
628 649 723 729 χῶρην
737 650 849 726 ταύτην,
868 653 980 727 φυλάσ-

180 763 278 800 σοντες
304 736 355 812 τήν
381 736 501 816 ἀρχαίην
526 740 672 818 γλῶσσαν.
715 737 751 797 τά
777 741 829 815 μὲν
855 739 890 816 δή
915 743 980 818 περὶ

180 825 335 904 Ἐρετριέας
347 827 415 904 ἔσχε
428 825 506 885 οὕτω.

135 915 191 973 120
243 913 466 990 Λακεδαιμονίων
487 913 516 972 δὲ
536 909 605 988 ἧκον
627 917 654 976 ές
673 911 723 976 τάς
745 910 865 988 Ἀθήνας
888 913 978 994 δισχί-

179 1005 237 1061 λιοι
256 1000 328 1078 μετά
347 1000 399 1077 τήν
418 1001 604 1076 πανσέληνον,
627 1000 737 1079 ἔχοντες
757 998 884 1075 σπουδήν
907 1005 978 1081 πολ

178 1089 233 1163 λήν
260 1090 433 1164 καταλαβεῖν
459 1087 529 1147 οὕτω
556 1086 629 1147 ὥστε
650 1091 770 1164 τριταῖοι
794 1091 824 1146 ἔκ
848 1087 978 1166 Σπάρτης

179 1177 305 1257 έγένοντο
324 1181 353 1236 ε’ν
369 1173 542 1254 τῇἈττικῇ·
564 1173 677 1251 ὕστεροι
695 1174 725 1233 δὲ
745 1172 909 1250 ἀπικόμενοι
927 1181 978 1252 τῆς
999 1181 1000 1184 ’

178 1266 337 1340 συμβολῆς,
353 1264 490 1339 ἱμείροντο
507 1261 580 1339 ὅμως
593 1261 752 1337 θεήσασθαι
772 1260 837 1324 τούς
850 1262 976 1338 Μήδους·

179 1351 306 1412 ἐλθόντες
327 1351 356 1408 δὲ
375 1349 451 1413 ές
419 1375 468 1408 τον
481 1350 643 1426 Μαραθῶνα
662 1347 825 1424 εθεήσαντο·
845 1375 917 1426 μετα
908 1350 975 1420 δὲ,

178 1438 312 1542 αἰνέοντες
327 1436 491 1512 Αθηναίους
504 1438 550 1495 καὶ
565 1463 597 1496 το
590 1435 751 1517 ἔργον
716 1439 806 1497 αυτῶν
824 1436 975 1498 ἀπαλλάσ-

178 1549 263 1583 0'0VTO
284 1522 384 1582 Οπίσω.

132 1613 187 1672 121
240 1615 328 1686 Θῶμα
341 1610 372 1669 δέ
380 1635 437 1687 μοι,
449 1609 495 1668 καὶ
508 1609 557 1669 οὐκ
571 1610 760 1687 ἐνδέκομαι
727 1636 776 1670 τον
784 1609 880 1692 λόγον,
890 1611 975 1672 Ἀλκ-

177 1697 325 1774 μαιωνίδας
338 1696 372 1757 ἀν
387 1720 450 1757 κοτε
463 1696 591 1767 ἀναδέξαι
605 1699 738 1776 Πέρσῃσι
752 1702 782 1756 ε’κ
796 1699 975 1775 συνθήματος

178 1785 292 1855 ἀσπίδα,
301 1786 492 1861 βουλομένους
503 1784 558 1844 ὖπδ
574 1785 755 1863 βαρβάροισί
764 1811 796 1845 τε
809 1785 878 1846 εἶναι
891 1786 974 1864 Ἀθη-

167 1875 268 1937 ·ναίους
292 1873 337 1932 καὶ
360 1871 416 1933 ὗπδ
437 1872 541 1952 Ἱππίῃ·
566 1873 663 1936 οἵτινες
686 1877 807 1951 μᾶλλον,
831 1873 850 1950 ἢ
874 1874 974 1951 ὁμοίως

176 1963 292 2041 Καλλίῃ
305 1965 344 2041 τῷ
356 1962 521 2032 Φαινίππου,
534 1961 695 2021 Ἱππονίκου
709 1961 739 2020 δὲ
751 1962 845 2038 πατρὶ,
861 1963 973 2037 φαίνον-

175 2077 221 2111 ται
241 2049 438 2127 μισοτύραννοι
459 2049 557 2112 ἐόντες.
600 2049 730 2124 Καλλίης
747 2073 778 2108 τε
798 2047 854 2129 γάρ
872 2053 974 2126 μοῦνος

116 2173 124 2179 -
175 2136 328 2214 Ἀθηναίων
342 2135 471 2196 ἀπάντων
489 2136 603 2213 ε’τόλμα,
623 2134 691 2199 ὅκως
707 2137 915 2213 Πεισίστρατος
932 2141 974 2196 ε’κ-

175 2226 259 2284 πέσοι
277 2232 306 2284 ἐκ
326 2229 381 2285 τῶν
399 2222 595 2299 Ἀθηνέων,τά
614 2222 746 2300 χρήματα
765 2222 849 2281 αι’ποΰ
871 2247 973 2298 κηρυσ-

177 2312 283 2388 σάμενα
306 2312 361 2371 find
382 2313 432 2370 τοῦ
449 2311 587 2386 δημοσίου
606 2309 747 2382 ὠνέεσθαι,
773 2311 819 2368 καὶ
840 2310 875 2369 ταὶ
895 2308 973 2368 ἀλλα

131 2400 232 2459 122τά
248 2401 364 2478 ἔχθιστα
381 2403 407 2460 ἐς
424 2397 509 2457 αὐτὸν
524 2397 616 2457 πάντα
630 2401 797 2476 ἐμηχανᾶτο.
841 2398 974 2456 Καλλίεω

176 2487 206 2546 δὲ
220 2485 321 2546 τούτου
338 2486 415 2556 ἄξιον
431 2489 582 2564 πολλαχοῦ
597 2484 708 2562 μνήμην
726 2483 788 2544 ἐστὶ
803 2485 895 2544 πάντα
912 2483 974 2544 τιυιὶ

177 2575 257 2652 ἔχειν·
278 2579 360 2634 τοῦτο
384 2576 436 2649 μὲν
459 2573 513 2654 γάρ
539 2573 575 2632 τά
599 2573 819 2653 προλελεγμένα,
844 2571 879 2635 ὥς
903 2570 974 2647 ἀνήρ

175 2661 259 2739 ἅκρος
288 2662 438 2736 ἐλευθερῶν
468 2659 519 2735 τήν
548 2661 682 2736 πατρίδα·
711 2664 795 2720 τοῦτο
824 2659 854 2718 δὲ
882 2657 918 2718 vd
945 2663 974 2717 ε’ν

175 2749 319 2829 Ὀλυμπίῃ
340 2747 495 2823 ἐποίησε,
483 2773 557 2807 ιππω
576 2773 691 2822 νικησας
707 2747 849 2824 τεθρίππῳ
869 2745 898 2804 δὲ
915 2743 974 2803 δεί·

174 2863 253 2914 τερος
277 2835 431 2918 γενόμενος,
456 2811 551 2895 Πυθιά
578 2835 607 2893 δὲ
633 2833 770 2911 πρότερον
799 2832 973 2910 ἀνελόμενος,

176 2924 336 3002 εφανερώθη
353 2929 380 2986 ές
395 2949 460 2986 τους
471 2923 615 3032 Ελληνας
630 2921 735 2983 πάντας
753 2921 908 3000 μεγίστῃσι
928 2917 973 2975 δα-

175 3013 290 3092 πάνῃσι·
311 3015 394 3072 τοῦτο
408 3011 437 3069 δὲ
451 3009 521 3068 κατὰ
534 3008 584 3071 τὰς
595 3012 693 3068 έωυτου
705 3007 886 3087 θνγατέρας,’
874 3029 974 3065 εουσας

175 3105 255 3178 τρεῖς,
278 3100 336 3164 οἶός
357 3123 398 3162 τις
420 3097 489 3174 ἀνὴρ
511 3097 629 3177 ἐγένετο·
654 3094 747 3169 ε’πειδη
768 3093 823 3174 γάρ
847 3092 974 3198 ε’γένουτρ

176 3187 268 3268 γάμου
286 3189 390 3266 ωραῖαι,
410 3185 492 3246 ἔδωκέ
511 3189 567 3258 σφι
588 3181 690 3258 δωρεὴν
708 3175 974 3260 μεγαλοπρεπεστά·

175 3299 235 3349 την,
258 3275 381 3356 έκείνῃσί
401 3297 432 3335 τε
456 3271 617 3354 ἐχαρίσατο·
645 3273 675 3328 ἐκ
701 3266 756 3348 γάρ
784 3263 893 3325 πάντων
919 3289 974 3323 των
