2240 3424
12 181 18 190 ,
149 127 257 191 ιιι-υτ]
456 129 645 178 ΚΔΠιοιιΗ.
901 132 948 180 ιιι

98 206 103 214 ’
150 206 246 270 κλίνας
260 231 292 266 τε
308 205 476 286 ἐπιχρύσους
498 208 544 268 καὶ
565 205 743 289 ἐπαργύρους,
765 207 903 286 κρητῆράς
918 235 950 270 τε

148 293 354 372 χρυσέους,καί
373 293 478 369 φιάλας
493 321 525 355 τε
545 296 592 354 καὶ
609 294 686 354 ἄλλα
703 295 860 373 ἐκπώματα·
882 296 950 356 σάκ-

150 405 214 444 κους
240 406 271 440 τε
299 379 340 439 ἐπ’
364 381 489 458 ἁμαξέων
517 382 652 459 εὕρισκον,
682 389 711 444 ἐν
732 386 809 444 τοῖσι
830 384 954 460 λέβητες

150 469 297 546 ἐφαίνοντο
311 468 431 533 ἐνεόντες
444 470 564 548 χρύσεοί
578 496 609 530 τε
628 472 674 530 καὶ
691 470 830 552 ἀργύρεοι·
850 471 908 533 ἀπό
919 498 950 532 τε

149 559 204 616 τῶν
218 555 347 632 κειμένων
360 560 462 632 νεκρῶν
476 557 628 618 ἐσκύλευον
641 557 728 636 ψέλιά
742 584 774 619 τε
787 559 833 617 καὶ
848 584 949 636 στρεπ-

149 642 220 715 τούς,
250 643 296 701 καὶ
320 641 385 705 τούς
411 641 563 714 ἅκινόκεας,
591 644 686 708 ἐόντος
711 646 856 723 χρυσέους·
892 647 951 714 ἐπεὶ
1005 714 1010 721 ἱ

150 731 270 807 ἐσθῆτός
289 755 323 811 γε
342 731 472 806 ποικίλης
492 731 579 810 λόγος
606 732 711 811 ἐγίνετο
732 732 794 793 ούδέ
821 733 868 796 εἰς.
910 739 951 793 ἐν·

150 818 239 878 onom
262 816 360 876 πολλὰ
382 820 434 892 μέν
458 818 623 880 κλέπτοντες
647 818 769 878 ἐπώλεον
792 819 863 895 πρός
887 820 953 884 τοιίς

149 904 300 986 Αἰγινήτας
321 907 348 963 οἰ
368 905 486 974 εἵλωτες,
507 904 605 963 πολλὰ
628 903 658 962 δέ
678 905 725 962 καὶ
744 905 951 976 ἀπεδείκνυσαν,
1032 955 1036 960 .

150 990 207 1051 ὅσα
220 991 323 1052 αι’ντέων
336 990 386 1050 οὐκ
403 990 448 1050 οἶά
465 1017 497 1050 τε
513 990 548 1066 ἦν
566 989 678 1068 κρύψαι·
699 989 773 1050 ὥστε
785 991 952 1072 Αἰγινήτῃσι

150 1081 178 1137 οἱ
190 1078 310 1159 μεγάλοι
326 1082 444 1138 πλοῦτοι
464 1078 554 1156 ἀρχήν
573 1079 696 1138 ἐνθεῦτεν
715 1078 850 1158 ἐγένοντο,
864 1078 891 1138 οἰ
903 1079 952 1139 τόν

149 1165 265 1244 χρυσόν,
281 1165 330 1226 ἅτε
344 1164 423 1225 ἐόντα
437 1164 547 1245 χαλκόν
561 1165 651 1241 δῆθεν,
663 1165 739 1243 παραὶ
751 1169 807 1225 τῶν
821 1167 952 1226 εἱλωτέων

151 1251 275 1314 ιόνέοντο.
318 1254 558 1331 Συμφορήσαντες
571 1253 601 1312 δέ
614 1254 650 1313 τά
663 1253 802 1332 χρήματα,
817 1254 862 1312 καὶ
876 1253 951 1313 δεκό-
961 1256 996 1313 81

149 1365 201 1416 την
215 1339 355 1409 ἐξελόντες
370 1345 409 1419 τῷ
427 1346 456 1408 ἐν
471 1344 615 1416 Δελφοῖσι
630 1341 690 1418 θεῷ,
705 1340 752 1399 ἀπ’
765 1338 800 1416 ἧς
812 1340 828 1400 ό
840 1341 951 1416 τρίπους

151 1425 168 1486 ό
184 1426 303 1506 χρύσεος
319 1427 473 1504 όνετέθη,ὁ
493 1427 538 1486 ἐπὶ
555 1431 605 1487 τοῦ
625 1427 790 1505 τρικαρήνου
806 1427 888 1504 ὄφιος
900 1433 950 1488 τοῦ

150 1516 273 1593 χαλκέου
295 1514 431 1578 ἐπεστειίς
451 1514 576 1596 ἄγχιστα
595 1519 646 1575 τοῦ
665 1516 775 1592 βωμοῦ·
800 1515 846 1575 καὶ
865 1518 904 1595 τῷ
923 1519 953 1575 ἐν

150 1599 294 1681 Ὀλυμπίῃ
311 1603 364 1682 θεῷ
382 1602 531 1673 ἐξελόντες,
546 1601 594 1662 ἀπ’
606 1600 640 1678 ἦς
657 1602 815 1682 δεκάπηχυν
831 1601 952 1681 χάλκεον

152 1691 208 1748 Δία
226 1689 371 1766 ἀνέθηκαν·
394 1691 439 1749 καὶ
457 1695 496 1770 τῷ
513 1696 542 1750 ἐν
559 1689 666 1770 Ἰσθμῷ
684 1691 744 1769 θεῷ,
760 1689 806 1749 ἀπ’
819 1687 853 1765 ἧς
872 1688 952 1750 ἐπτό-

150 1801 241 1856 πηχυς
248 1778 369 1856 χάλκεος
376 1779 536 1838 Ποσειδέων
545 1778 692 1858 ἐξεγένετο·
705 1782 794 1838 ταῦτα
804 1777 952 1848 ἐξελόντες,

150 1863 187 1923 τά
204 1865 292 1924 λοιπά
313 1865 473 1941 διαιρέοντο,
491 1863 537 1922 καὶ
555 1866 662 1939 ἔλαβον
681 1865 796 1924 ἔκαστοι
808 1868 862 1923 τῶν
879 1864 952 1932 ἄξιοι

150 1948 233 2025 ἦσαν,
259 1952 305 2008 καὶ
331 1951 380 2013 τοὶς
406 1949 556 2011 παλλακὰς
582 1954 637 2008 τῶν
662 1953 804 2026 Περσέων,
833 1949 878 2008 καὶ
902 1951 952 2012 τόν

151 2037 266 2115 χρυσόν,
282 2037 327 2094 καὶ
340 2037 390 2096 τόν
408 2035 536 2116 ἄργυρον,
557 2036 604 2094 καὶ
621 2033 699 2094 ἄλλα
713 2035 844 2114 χρήματά
861 2039 951 2097 τεκαὶ

150 2123 293 2204 ύποζύγια.
337 2123 393 2184 ὅσα
406 2124 458 2200 μ’έν
471 2147 520 2182 νυν
536 2123 661 2199 ἐξαίρετα
676 2117 952 2200 τοῖσιᾶριστεύσασι

152 2210 254 2271 αύτέων
268 2215 298 2270 ἐν
314 2214 481 2290 Πλαταιῇσι
497 2209 587 2285 ἐδόθη,
604 2209 636 2268 ού
656 2210 769 2290 λέγεται
784 2209 854 2286 πρός
873 2210 951 2270 οὐδα-

151 2302 220 2374 μῶν·
235 2299 320 2358 δοκέω
332 2296 356 2357 δ’
366 2299 452 2379 ἔγωγε
466 2297 512 2356 καὶ
524 2296 651 2356 τούτοισι
664 2297 787 2372 δοθῆναι·
802 2299 951 2378 Παυσανίῃ

152 2385 182 2444 δέ
191 2385 283 2447 πάντα
293 2386 359 2445 δέκα
370 2385 497 2462 ἐξαιρέθη
510 2409 541 2445 τε
556 2384 601 2442 καὶ
615 2383 706 2460 ἐδόθη,
715 2387 850 2465 γυναῖκες,
862 2385 950 2457 ἰπποι,

151 2473 283 2543 τάλαντα,
305 2471 435 2550 κάμηλοι,
457 2472 492 2536 εἰς
511 2472 542 2530 δέ
561 2471 648 2535 οὕτως
668 2473 714 2531 καὶ
733 2471 769 2532 τό
789 2471 866 2531 ἄλλα
885 2473 953 2552 χρή-

152 2583 236 2635 ματα.
277 2560 397 2640 Λέγεται
417 2560 447 2619 δέ
474 2559 520 2618 καὶ
539 2558 605 2618 τάδε
624 2560 765 2644 γενέσθαι·
792 2559 828 2623 ὦς
848 2562 952 2638 Ξέρξης
960 2563 997 2621 82

153 2646 263 2727 φεύγων
276 2651 306 2705 ἐκ
323 2651 373 2723 τῆς
388 2646 528 2711 Ἑλλάδος
546 2647 693 2727 Μαρδονίῳ
711 2647 763 2723 τήν
780 2648 953 2724 κατασκευήν

153 2735 303 2792 καταλίποι
322 2734 374 2809 τήν
395 2738 504 2794 ἐωυτοΰ·
526 2735 692 2810 Παυσανίην
708 2733 752 2807 ὧν,
767 2734 882 2810 ὀρέοντο
901 2734 953 2810 τήν

152 2820 323 2897 Μαρδονίου·
341 2820 515 2897 κατασκευήν
537 2825 634 2900 χρυσῷ
659 2822 757 2901 τεκαὶ
776 2821 886 2902 όργύρερ
906 2823 952 2880 καὶ

154 2907 394 2985 παραπετάσμασι
406 2909 562 2967 ποικίλοισι
575 2908 846 2984 κατασκευασμένην,
861 2911 953 2966 κελαῖ·

154 3021 204 3055 σαι
223 2995 287 3058 τούς
306 3022 337 3055 τε
357 2994 527 3072 οἷρτοκόπους
548 2995 593 3054 καὶ
619 2995 684 3059 τούς
706 2995 858 3074 ὀψοποιούς
882 2994 952 3054 κατοὶ

153 3082 241 3144 ταύτοί
261 3083 350 3147 καθοίς
369 3081 518 3162 Μαρδονίῳ
538 3083 648 3144 δεῖπνον
667 3081 896 3158 παρασκευάζειν·
917 3079 953 3145 εἰς

154 3171 184 3232 δέ
211 3171 387 3248 κελευόμενοι
413 3167 491 3231 οὗτοι
512 3171 620 3233 ἐποίευν
642 3174 737 3244 ταῦτα,
761 3170 879 3230 ἐνθαῦτα
901 3168 950 3230 τόν

154 3259 328 3336 Παυσανίην,
344 3257 437 3320 ἰδόντα
453 3258 549 3322 κλίνας
562 3281 594 3317 τε
611 3257 735 3336 χρυσέας
752 3256 799 3316 ml
818 3255 952 3333 ἀργυρέας
