2204 3430
155 122 187 167 44
460 115 643 166 ἯΡΟΔΟΤΟΤ
905 122 953 187 [V.

155 198 377 275 ἀσφαλέστατον
411 196 659 274 κατακτησάμενος
692 201 748 259 τῶν
763 195 953 282 πρηγμάτων,

156 286 298 346 κάλλιστα
310 286 362 361 τῆν
374 285 459 346 πόλιν
476 285 669 363 ἐπιτροπεύοι;
697 287 905 364 Θρασύβουλος
925 293 955 351 δέ

154 374 205 436 τόν
226 374 345 435 ἐλθόντα
366 373 443 451 παραὶ
466 379 516 434 τσῦ
539 374 711 452 Περιάνδρου
732 376 814 457 ἐξῆγε
836 378 887 446 ἐξω
904 384 955 438 τοῦ

125 516 126 519 ,
155 461 265 527 άστεος·
287 462 380 540 ἐσβάς
400 462 429 522 δέ
451 467 478 526 ἐς
498 461 619 540 όρουραν
639 465 825 540 ἐπηρμένην,
844 463 904 542 ἅμα
924 493 955 527 τε

157 550 257 626 διεξήϊε
277 551 311 611 τό
332 550 422 628 λήϊον,
438 556 590 628 ἐπειρωτῶν
604 577 635 612 τε
652 551 698 610 καὶ
714 551 885 624 ἀναποδίζων
904 553 954 616 τόν

156 639 261 716 κήρυκα
282 639 351 700 κατά
370 639 422 715 τῆν
435 639 491 698 άπδ
506 639 646 717 Κορίνθου
660 637 761 710 ἄπιξιν,
777 641 822 700 καὶ
841 641 954 703 ἐκόλουε

156 728 209 788 αἰεὶ
230 727 299 792 ὅκως
316 727 378 788 τινά
397 728 450 788 ίδοι
472 732 527 788 τῶν
541 727 693 807 ἀσταχύων
706 727 887 808 ῦπερέχοντα·
909 757 954 790 κο·

156 815 247 876 λοόων
262 818 299 888 δὲ,
315 819 434 895 ἔρριπτε·
456 822 483 880 ἐς
496 816 513 876 δ
525 819 575 877 τοῦ
594 816 676 892 ληίου
693 815 726 876 τῦ
747 816 903 878 κάλλιστόν
922 845 954 879 τε

156 905 202 963 καὶ
217 905 378 981 βαθύτατον
398 906 537 983 διέφθειρε
554 904 648 984 τρόπῳ
661 903 785 984 τοιούτῳ·
807 905 954 974 διεξελθὼν

158 991 187 1052 δέ
199 993 232 1054 τδ
245 995 347 1073 χωρίον
363 993 409 1053 καὶ
422 993 593 1070 ῦποθέμενος
606 993 671 1056 έπος
689 991 775 1062 οῦδὲν,
791 992 953 1070 ἀποπέμπει

156 1079 205 1141 τόν
224 1082 337 1160 κήρυκα.
379 1080 571 1158 νοστήσαντος
594 1081 623 1140 δέ
644 1085 695 1141 τοῦ
716 1081 833 1159 κήρυκος
854 1087 881 1145 ἐς
900 1081 971 1159 τῆν’

156 1169 303 1247 Κόρινθον,
316 1169 352 1247 ἦν
371 1169 515 1247 πρόθυμος
528 1169 718 1230 πυνθάνεσθαι
737 1169 789 1245 τὴν
808 1169 952 1246 ύποθήκην

156 1256 172 1315 ὁ
186 1259 364 1335 Περίανδρος·
385 1257 402 1317 ό
416 1257 445 1316 δέ
458 1256 537 1316 οὐδέν
550 1259 577 1316 οἱ
590 1259 645 1334 ἔφη
658 1257 865 1334 Θρασύβουλον
884 1259 952 1318 ύπο·

158 1345 268 1405 θέσθαι·
283 1345 419 1422 θωμάζειν
430 1371 462 1404 τε
476 1343 567 1415 αὐτοῦ,
578 1344 643 1422 παρ’
653 1345 712 1405 οῦόν
724 1371 773 1422 μιν
786 1345 870 1424 ἄνδρα
884 1346 952 1406 α’πσ-

156 1433 284 1511 πέμψειε,
299 1433 334 1496 οἷς
347 1432 522 1513 παραπλῆγά
537 1459 568 1493 τε
582 1433 694 1494 καὶτῶν
708 1437 808 1494 ἑωυτοῦ
828 1433 950 1512 σινάμω·

154 1547 214 1598 ρον·
235 1521 424 1602 ἀπηγεόμενος
436 1519 524 1599 τόπερ
534 1522 604 1599 πρός
611 1521 819 1598 Θρασυβούλου
832 1521 950 1583 όπιόπεε.

158 1609 327 1687 Περίανδρος
347 1609 377 1668 δέ
397 1610 499 1674 συνιεὶς
519 1610 552 1671 τό
575 1611 698 1685 ποιηθὲν,
721 1610 767 1668 καὶ
788 1611 842 1690 νόῳ
863 1612 952 1692 ἴσχων

157 1695 192 1760 ὥς
211 1699 238 1755 οί
250 1696 394 1757 ύπετίθετο
407 1698 614 1774 Θρασύβουλος
632 1695 697 1760 τοῦς
716 1696 879 1776 ύπειρόχους
896 1702 952 1759 τῶν

155 1783 251 1844 άστιῦν
271 1785 404 1861 φονεύειν,
428 1786 546 1845 ἐνθαῦτα
568 1784 603 1860 δή
623 1789 720 1846 πῦσαν
746 1785 883 1862 κακότητα
910 1789 950 1857 ἐξ·

158 1873 254 1948 ἔφαινε
274 1879 302 1937 ἐς
322 1874 386 1937 τοῦς
403 1873 550 1949 πολιήτας.
591 1871 648 1933 ὅσα
667 1873 723 1954 γάρ
745 1874 878 1952 Κύψελος
898 1874 951 1933 άπ-

157 1962 235 2022 έλιπε
249 1963 359 2024 κτείνων
376 1989 407 2023 τε
428 1963 474 2020 καὶ
487 1961 598 2034 διοόκων,
612 1961 782 2039 Περίανδρός
802 1969 880 2038 σφεα
899 1962 949 2022 άπ-

156 2051 277 2110 ετέλεσε.
318 2054 370 2128 μιῇ
389 2051 419 2108 δὲ
436 2049 526 2127 ἡμέρη
544 2049 668 2109 ἀπέδυσε
680 2048 775 2113 πόσας
787 2049 837 2113 τάς
851 2056 951 2128 Κοριν-

150 2138 220 2199 ’θίων
239 2143 378 2220 γυναῖκας,
400 2137 445 2198 διά
463 2137 515 2212 τήν
534 2139 634 2196 ἑωυτοῦ
653 2141 771 2218 γυναῖκα
786 2139 950 2199 Μέλισσαν·

154 2227 296 2305 πέμψαντι
308 2225 363 2306 γάρ
377 2227 403 2284 οἱ
417 2229 444 2287 ἐς
454 2224 638 2300 Θεσπρωτοῦς
648 2224 690 2284 ἐπ’
700 2223 854 2303 Ἀχέροντα
866 2251 951 2286 ποτα-

153 2314 208 2390 μδν
223 2313 360 2396 ἀγγέλους
380 2311 425 2370 ἐπὶ
438 2311 470 2370 τό
484 2312 698 2388 νεκυομαντήιον
717 2312 952 2391 παρακαταθήκης

153 2403 217 2479 πέρι
236 2403 361 2476 ξεινικῆς,
378 2398 441 2459 οὔτε
459 2400 608 2476 σημανέειν
626 2402 681 2478 ἔφη
697 2400 716 2478 ῆ
734 2402 874 2461 Μέλισσα
894 2407 951 2469 ἐπι-

154 2493 286 2566 φανεῖσα,
301 2487 363 2548 ούτε
376 2487 512 2565 κατερέειν
525 2492 604 2567 ἐντῷ
618 2489 708 2549 κέεται
727 2489 808 2568 χοίρῳ
825 2489 843 2565 ῆ
862 2515 951 2568 παρα-

154 2576 306 2652 καταθήκη·
327 2579 424 2657 ῥιγοῦν
436 2601 467 2636 τε
479 2575 534 2657 γάρ
556 2576 602 2636 καὶ
616 2576 686 2636 εἶναι
698 2577 800 2656 γυμιή·
821 2577 885 2637 τῶν
895 2578 951 2659 γάρ

153 2669 180 2725 οἱ
199 2665 394 2745 συγκατέθαψε
413 2664 530 2743 εἱμάτων
543 2663 648 2740 ὄφελος
661 2664 730 2724 εἶναι
750 2663 837 2736 οὐδὲν,
851 2664 884 2724 αὖ
904 2691 952 2725 κα-

153 2753 351 2815 τακαυθέντων·
364 2751 517 2832 μαρτύριον
527 2752 558 2811 δέ
570 2755 597 2812 οἱ
612 2752 681 2812 εἶναι
694 2751 731 2816 οἷς
743 2751 852 2829 α’ληθέα
864 2757 953 2813 ταῦτα

153 2841 239 2922 λέγει,
258 2840 302 2902 ὅτι
324 2843 369 2903 ἐπὶ
390 2840 500 2922 ψυχρόν
519 2839 570 2900 τόν
594 2839 674 2900 ἰπνδν
695 2840 867 2918 Περίανδρος
887 2841 953 2906 τοῦς

153 2926 252 3008 όρτσυς
278 2933 412 3009 ἐπέβαλε.
452 2932 542 2989 ταῦτα
562 2927 592 2986 δέ
614 2927 649 2992 ὦς
670 2927 762 2988 ὀπίσω
784 2928 953 3011 ἀπηγγέλθη

152 3021 191 3098 τῷ
207 3020 374 3099 Περιάνδρῳ,
388 3015 505 3098 (πιστόν
525 3013 580 3095 γάρ
604 3019 630 3075 οἶ
650 3015 685 3092 ἦν
705 3016 738 3077 τό
761 3017 952 3094 συμβόλαιον,

153 3104 184 3171 ὃς
196 3113 281 3188 νεκρῷ
301 3107 387 3186 ἐούσῃ
400 3105 540 3182 Μελίσσῃ
559 3105 664 3184 ἐμίγη)
679 3105 755 3168 ἰθέως
768 3105 802 3181 δῆ
815 3105 887 3182 μετὰ
900 3105 954 3182 τῆν

157 3193 287 3277 ιῖγγελίην
303 3195 432 3275 κήρυγμα
453 3189 615 3266 ἐποιήσατο,
630 3196 657 3256 ἐς
669 3193 702 3254 τῦ
715 3191 834 3270 Ἡραῖον
852 3193 954 3263 ἐξιέναι

160 3282 246 3348 τόσας
260 3285 310 3348 τὰς
332 3281 487 3359 Κορινθίων
505 3281 645 3357 γυναῖκας.
686 3283 716 3340 αἱ
736 3281 789 3357 μέν
809 3278 853 3355 δή,
869 3279 905 3343 οἷς
926 3286 955 3345 ἐς
