2240 3424
182 121 230 170 3¹22
487 121 671 170 ‘HPOAO'PO'I'
915 119 978 184 [IX.

181 199 236 282 γάρ
248 203 287 278 τῷ
300 202 380 277 κοινῷ
394 199 440 258 καὶ
458 199 637 276 ἐμηδίσαμεν,
653 195 716 256 οῦδέ
727 200 826 274 μοῦνοι
841 196 935 274 ἡμέες·
956 203 980 258 εί

181 285 211 346 δέ
236 285 328 362 ἡμέων
359 284 484 361 ἀληθέως
513 285 638 362 δεόμενοι
666 284 873 362 πολιορκέουσι,
899 284 981 363 ἡμεῖς

179 372 266 448 ἡμέας
282 371 382 436 αῦτοῦς
400 377 427 436 ἐς
448 371 609 454 ἀντιλογίην
625 371 806 449 παρέξομεν.”
845 371 934 450 κάρτα
949 399 981 432 τε

182 459 257 530 ἔδοξε
267 459 296 519 εῦ
308 461 409 540 λέγειν,
425 461 470 519 καὶ
485 465 512 523 ἐς
526 460 629 537 καιρόν·
650 458 747 518 αῦτίκα
758 485 790 519 τε
803 459 981 537 ἐπεκηρυκεύ-

183 571 246 607 οντο
259 547 329 623 πρὸς
342 548 507 623 Παυσανίην
520 550 547 606 οἱ
559 548 691 623 Θηβαῖοι,
706 546 834 610 θέλοντες
846 545 982 607 ἐκδιδόναι

135 636 174 694 88
182 632 246 696 τοῦς
272 633 380 711 ἄνδρας.
421 634 469 697 Ὡς
495 634 525 693 δέ
552 633 742 712 ὡμολόγησαν
773 634 820 694 ἐπὶ
846 631 981 703 τούτοισι,

182 719 343 802 Ἀτταγῖνος
355 724 407 797 μὲν
421 720 592 797 ἐκδιδρήσκει
606 726 635 780 ἐκ
645 724 695 780 τοῦ
708 719 818 784 όστεος·
837 721 939 784 παῖδας
952 721 982 781 δὲ
1055 781 1056 784 ,

183 807 267 868 αὐτοῦ
288 808 462 887 ἀπαχθέντας
482 808 646 883 Παυσανίης
666 805 792 867 ἀπέλυσε
811 812 862 883 τῆς
884 809 982 884 αἰτίης,

184 895 240 972 φὰς
259 899 309 956 τοῦ
328 896 471 973 μηδισμοῦ
493 895 594 958 παῖδας
621 893 699 956 ου’δέν
722 894 791 954 εἶναι
816 895 982 972 μεταιτίους·

183 983 248 1048 τοῦς
261 985 291 1044 δέ
303 981 408 1046 ἄλλους
424 981 523 1060 ἄνδρας
541 982 606 1045 τοῦς
623 981 754 1050 ἐξέδοσαν
770 983 797 1041 οἶ
809 984 941 1058 Θηβαῖοι,
955 986 983 1042 οἶ

183 1074 235 1148 μὲν
247 1071 356 1132 ἐδόκεον
369 1070 528 1150 ἀντιλογίης
544 1095 576 1128 τε
594 1067 732 1146 κυρήσειν,
747 1070 793 1128 καὶ
806 1068 840 1144 δὴ
853 1070 983 1148 χρήμασι

185 1159 370 1228 ἐπεποίθεσαν
390 1157 562 1218 διωθέεσθαι·
592 1155 609 1216 ό
630 1156 659 1214 δέ
679 1155 715 1219 οῦς
734 1158 890 1234 παρέλαβε,
912 1149 983 1217 οὖτά

184 1250 271 1306 ταῦτα
290 1245 436 1315 ῦπονοέων,
456 1243 509 1320 τὴν
528 1243 663 1320 στρατιὴν
681 1243 733 1319 τὴν
751 1247 807 1304 τῶν
826 1244 984 1323 συμμάχων

185 1331 299 1393 ἅπασαν
325 1332 423 1409 άπὴκε,
452 1332 497 1390 καὶ
524 1333 642 1394 ἐκείνους
664 1329 776 1412 α’γαγοδν
796 1335 824 1394 ἐς
844 1331 984 1408 Κόρινθον

186 1419 334 1496 διέφθειρε.
374 1420 525 1496 ταῦταμὲν
537 1418 573 1478 τά
587 1423 616 1478 ἐν
629 1421 794 1497 Πλαταιῇσι
807 1419 852 1477 καὶ
865 1417 985 1498 Θήβῃσι
1013 1479 1019 1492 ,

155 1495 161 1508 ’
185 1506 329 1586 γενόμενα.
894 1545 896 1552 1
1002 1529 1020 1542 τ

140 1596 178 1652 89
226 1591 401 1669 Ἀρτάβαζος
414 1591 443 1650 δέ
456 1593 471 1652 ό
485 1591 641 1669 Φαρνάκεος
654 1590 765 1674 φεόγων
778 1598 808 1652 ἐκ
818 1594 985 1655 Πλαταιέων

188 1678 234 1737 καὶ
257 1678 291 1755 δὴ
319 1679 364 1737 καὶ
384 1679 482 1754 πρόσω
503 1679 616 1758 ἐγίνετο·
651 1677 819 1757 άπικόμενον
838 1680 870 1740 δέ
888 1705 937 1758 μιν
957 1684 985 1741 οἶ

187 1765 335 1826 Θεσσαλοὶ
357 1765 433 1842 παρά
455 1766 548 1842 σφέας
574 1767 623 1826 ἐπί
638 1791 670 1827 τε
690 1757 917 1838 ξείνιαέκάλεον,
938 1769 985 1827 καὶ

187 1852 348 1932 οἶνειρίντευν
377 1854 442 1931 περὶ
467 1857 518 1930 τῆς
543 1857 676 1930 στρατιῆς
702 1857 752 1930 τῆς
780 1853 879 1930 ἄλλης,
906 1854 986 1916 οῦδὲν

189 1940 369 2020 ἐπιστάμενοι
393 1945 449 2002 τῶν
474 1945 504 2002 ἐν
530 1945 697 2020 Πλαταιῇσι
722 1942 884 2022 γενομένων·
912 1941 929 2002 ό
955 1942 986 2002 δέ

188 2029 371 2108 Ἀρτάβαζος,
397 2030 480 2111 γνοῦς
505 2029 548 2090 ὅτι
575 2033 599 2089 εί
625 2030 717 2090 ἐθέλοι
737 2035 793 2106 σφι
816 2033 912 2090 πᾶσαν
934 2030 986 2106 τὴν

188 2117 326 2194 α’ληθηΐην
345 2121 400 2178 τιῦν
420 2115 532 2198 α’γόνων
552 2121 645 2186 εἰπεῖν,
667 2115 749 2179 αῦτός
768 2142 800 2177 τε
820 2116 986 2177 κινδυνεύσει

188 2205 348 2265 ἀπολέσθαι
369 2205 414 2264 καὶ
434 2205 450 2265 ὁ
469 2204 528 2281 μετ’
545 2204 629 2266 αῦτοῦ
649 2204 779 2282 στρατός·
800 2205 987 2281 ἐπιθήσεσθαι

188 2291 243 2373 γάρ
258 2295 284 2351 οἱ
297 2291 388 2351 πάντα
400 2291 461 2351 τινά
479 2292 552 2352 οἴετο
567 2291 773 2369 πυνθανόμενον
789 2292 825 2352 τά
840 2291 986 2373 γεγονότα·

189 2383 277 2439 ταῦτα
291 2378 507 2460 ἐκλογιζόμενος,
522 2379 584 2439 οῦτε
599 2380 668 2456 πρός
683 2380 748 2444 τοῦς
763 2381 873 2443 Φωκέας
892 2379 987 2460 ἐξαγό-

188 2491 251 2542 ρευε
275 2465 360 2536 οῦδὲν,
384 2466 454 2544 πρός
474 2493 506 2526 τε
527 2467 592 2531 τοῦς
615 2467 781 2531 Θεσσαλοῦς
808 2469 887 2548 ἔλεγε
911 2466 987 2526 τάδε·

189 2554 269 2635 “ἐγιδ
285 2555 344 2630 μέν,
360 2553 381 2613 ὧ
399 2552 495 2630 ἄνδρες
510 2555 664 2627 Θεσσαλοὶ,
681 2554 717 2617 ὥς
731 2554 822 2632 ὁρᾶτε,
842 2553 991 2634 ἐπείγομαί

189 2667 220 2701 τε
234 2641 303 2701 κατά
315 2640 368 2718 ιὴν
379 2642 518 2720 ταχίστην
531 2645 602 2702 ἐλιῦν
615 2647 642 2705 ἐς
657 2643 788 2720 Θρηίκην,
803 2643 849 2701 καὶ
862 2639 989 2716 σπουδήν

190 2730 244 2810 ἔχω
262 2729 401 2806 πεμφθεὶς
420 2728 491 2788 κατά
509 2753 537 2789 τι
557 2733 675 2809 πρῆγμα
689 2734 719 2788 ἐκ
731 2732 782 2789 τοῦ
797 2728 989 2805 στρατοπέδου

190 2817 261 2894 μετά
273 2817 367 2876 τῶνδε·
388 2815 471 2879 αθτθς
483 2816 513 2874 δέ
525 2815 590 2892 ῦμῖν
604 2816 762 2893 Μαρδόνιος
780 2816 825 2874 καὶ
838 2815 854 2876 ό
867 2813 990 2892 στρατός

191 2903 283 2975 αῦτοῦ,
298 2902 377 2968 οὗτος
391 2903 460 2962 κατά
473 2902 561 2966 πόδας
579 2907 644 2979 ἐμεῦ
665 2903 785 2963 ἐλαύνων
800 2902 990 2980 προσδόκιμός

191 2996 261 3050 ἐστι·
278 2994 377 3050 τοῦτον
390 2989 434 3048 καὶ
448 2989 574 3059 ξεινίζετε
588 2991 634 3048 καὶ
648 2989 677 3048 εῦ
690 2993 830 3052 ποιεῦντες
843 2990 988 3064 φαίνεσθε·

191 3075 223 3135 οῦ
235 3077 290 3156 γάρ
303 3076 369 3152 ῦμῖν
382 3080 409 3138 ές
421 3074 523 3153 χρόνον
538 3080 625 3135 ταῦτα
643 3080 755 3136 ποιεῦσι
772 3073 990 3153 μεταμελήσει.”

189 3167 277 3220 ταῦτα
293 3162 323 3222 δέ
339 3162 425 3230 εἴπας,
440 3160 579 3220 ἀπέλαυνε
599 3161 710 3241 σπουδῇ
725 3162 777 3238 τὴν
792 3159 929 3240 στρατιήν
944 3161 990 3222 διά

190 3249 354 3324 Θεσσαλίης
368 3269 400 3307 τε
418 3247 464 3306 καὶ
485 3248 659 3322 Μακεδονίης
680 3248 725 3309 ίθῦ
741 3251 791 3323 τ’ἡς
807 3245 937 3324 Θρηίκης,
953 3245 990 3311 ῦς
