2204 3430
136 93 263 158 99-103]
437 91 639 142 συννικονιι.
908 97 938 143 ιο

137 179 211 240 ἀστυ
224 183 291 238 πᾶν·
307 176 454 255 καιομένου
468 175 498 235 δὲ
509 176 562 236 τοῦ
573 170 682 246 ι’ίστεος,
700 176 728 235 οἱ
743 174 833 235 Λυδοί
846 200 877 236 τε
893 177 940 242 καὶ

137 266 204 328 ὅσοι
224 265 358 344 Περσέων
384 267 488 342 ένήσαν
510 269 539 324 έν
559 267 595 342 τῇ
616 263 685 323 πόλι
705 261 940 341 ἀπολαμφθέντες

137 354 283 426 πάντοθεν,
298 353 372 416 ὥστε
384 352 420 414 τά
433 353 607 433 περιέσχατα
619 352 771 429 νεμομένου
784 356 833 411 τοῦ
843 351 938 430 πυρός,

138 443 185 504 καὶ
205 443 256 504 οὖκ
277 445 387 523 ἔχοντες
404 440 538 517 ἐξήλυσιν
554 445 584 500 ἔκ
601 443 651 500 τοῦ
667 438 775 510 άστεος,
791 441 939 518 συνέρρεον

138 533 166 595 ές
184 558 215 593 τε
229 533 282 608 τήν
302 530 408 612 ἀγορήν
426 530 473 590 καὶ
494 529 540 590 ε’πὶ
557 528 607 589 τόν
628 527 784 588 Πακτωλόν
801 528 938 606 ποταμόν·

137 619 169 684 ός
182 628 239 697 σφι
256 623 357 701 ψῆγμα
374 621 484 699 χρυσοῦ
499 617 680 695 καταφορέων
700 621 730 676 ε’κ
750 620 800 676 τοῦ
819 617 938 694 Τμώλου

137 708 184 769 διὰ
195 710 285 786 μέσης
297 711 348 784 τῆς
360 706 465 788 ἀγορῆς
477 706 542 784 ῥέει,
556 706 602 765 καὶ
621 706 715 766 ἔπειτα
728 709 755 770 ές
766 704 816 766 τόν
831 705 940 784 Ἕρμον

138 796 267 873 ποταμόν
294 795 405 873 ἐκδιδοῖ,
429 794 446 854 ό
470 794 500 854 δὲ
523 797 551 858 ἔς
574 793 734 855 θάλασσαν·
769 795 815 853 ε’πὶ
840 799 940 855 τοῦτον

140 883 175 958 δή
189 883 239 943 τόν
251 881 410 942 Πακτωλόν
422 881 469 940 καὶ
482 887 509 945 ἐς
521 882 573 958 τήν
585 881 690 964 ἀγορήν
708 880 902 959 ἀθροιζόμενοί
913 885 940 943 οἱ

139 997 172 1030 τε
184 970 273 1030 Λυδοὶ
285 971 332 1028 καὶ
349 973 376 1030 οἶ
394 969 515 1046 Πέρσαι,
527 969 715 1052 ἠναγκάζοπο
727 969 892 1046 ἀμύνεσθαι·
913 975 945 1032 οἱ,

140 1059 171 1117 δὲ
178 1058 279 1128 Ἴωνες,
293 1057 417 1135 ὁρέοντες
436 1057 500 1122 τούς
515 1059 567 1134 μὲν
581 1057 768 1136 ἀμυνομένους
785 1061 840 1118 τῶν
857 1061 940 1118 πολε-

139 1147 212 1224 μίων
230 1145 295 1210 τούς
315 1145 345 1206 δὲ
365 1145 419 1207 σόν
438 1145 542 1221 πλήθεϊ
564 1150 665 1226 πολλῷ
685 1146 940 1224 προσφερομένους,

140 1233 354 1314 ἐξανεχώρησαν
370 1235 510 1298 δείσαντες
528 1234 599 1312 πρός
611 1234 644 1295 τό
658 1233 746 1312 οὖρος,
759 1233 809 1296 τόν
822 1237 941 1311 Τμῶλον

142 1322 321 1400 καλεόμενον·
345 1324 471 1385 ἐνθεῦτεν
491 1322 521 1382 δὲ
540 1321 595 1384 ότό
615 1322 700 1384 νύκτα
716 1321 940 1384 ἀπαλλάσσοντο

142 1410 333 1476 ἔπὶτᾶςνέας.

183 1499 241 1558 Καὶ
259 1498 359 1578 Σάρδις
371 1501 424 1578 μέν
436 1498 659 1577 ἐνεπρήσθησαν,
673 1503 702 1560 έν
716 1499 745 1558 δὲ
758 1498 861 1579 αι’πῇσι
874 1493 920 1560 καὶ
930 1501 987 1561 102

143 1587 203 1664 ἱρόν
223 1589 370 1668 ἐπιχωρίης
390 1589 457 1648 θεοῦ
476 1587 629 1671 Κυβήβης·
652 1587 685 1647 τό
704 1588 894 1666 σκηπτόμενοι
914 1593 940 1649 οἱ

142 1675 262 1752 Πέρσαι,
286 1675 404 1754 ὕστερον
427 1676 688 1754 ἀντενεπίμπρασαν
710 1675 745 1736 τά
769 1682 798 1737 έν
813 1677 941 1755 Ἕλλησι

144 1762 198 1841 ἱρά·
218 1764 283 1824 τότε
300 1765 330 1824 δὲ
353 1767 381 1824 οἱ
402 1767 514 1841 Πέρσαι
535 1768 564 1823 οἱ
588 1763 665 1826 εἰτός
679 1763 785 1829 Ἅλυος
811 1770 941 1848 ποταμοῦ

143 1851 244 1929 νομοῦς
253 1853 370 1931 ἔχοντες,
383 1851 641 1929 προπυνθανόμενοι
652 1855 747 1921 ταῦτα,
759 1855 941 1928 συνηλίζοντο

143 1941 190 1998 καὶ
203 1940 339 2015 ε’βσήθεον
351 1943 428 1997 τοῖσι
441 1938 569 1995 Λυδοῖσι.
599 1938 647 1995 καί
655 1963 707 1998 κως
720 1942 749 1996 ἓν
760 1942 813 2015 μέν
823 1940 941 2016 Σάρδισι

144 2025 236 2085 οόκέτι
256 2025 350 2087 ε’όντας
368 2025 433 2086 τούς
447 2023 545 2086 Ἴωνας
566 2022 734 2099 εὖρίσκουσι,
763 2025 891 2102 ἑπόμενοι
912 2028 941 2087 δὲ

144 2113 216 2173 κατά
233 2114 344 2189 στίβον,
358 2112 484 2189 αἱρέουσι
502 2109 601 2174 αότοιλς
619 2116 648 2170 έν
660 2110 783 2192 Ἐφέσῳ·
805 2113 851 2172 καὶ
866 2113 941 2175 ἀντε-

144 2193 291 2274 τάχθησαν
310 2196 361 2271 μὲν
382 2196 409 2253 οῖ
426 2192 525 2268 Ἴωνες,
550 2192 749 2271 συμβαλόντες
775 2195 804 2254 δὲ
830 2197 941 2259 πολλόν

143 2283 323 2366 ἕσσιόθησαν·
338 2284 383 2343 καὶ
393 2282 520 2346 πολλοός
532 2281 622 2342 αὐτῶν
632 2285 659 2342 οἱ
667 2283 779 2362 Πέρσαι
789 2285 941 2360 φονεύουσι

142 2373 248 2438 ἅλλους
262 2399 294 2433 τε
307 2371 480 2451 όνομαστοῦς
494 2377 523 2432 έν
535 2371 565 2431 δὲ
579 2371 612 2448 δή
627 2371 673 2431 καὶ
685 2371 844 2433 Εόαλκίδεα
855 2401 940 2453 στρα-

141 2463 277 2545 τηγέοντα
288 2461 456 2540 Ἐρετριέων,
469 2460 701 2539 στεφανηφόρους
713 2487 745 2522 τε
757 2460 864 2543 ἀγῶνας
877 2463 940 2524 ἀνα-

140 2550 293 2629 ραιρηκότα
306 2551 352 2611 καὶ
361 2550 416 2610 ι’πό
431 2549 586 2626 Σιμωνίδεω
598 2553 649 2608 τοῦ
659 2549 750 2626 Κηίου
762 2550 859 2610 πολλά
872 2555 941 2612 αἰνε-

142 2639 235 2698 θέντα.
277 2638 304 2699 οἳ
316 2639 345 2698 δὲ
359 2637 448 2698 αὐτῶν
466 2636 613 2718 ἀπέφυγον
625 2635 678 2713 τήν
690 2636 793 2716 μάχην,
808 2638 941 2699 ἐσκεδάσ-

143 2725 235 2800 θησαν
246 2724 301 2787 ἀνά
312 2726 363 2790 τάς
374 2723 486 2788 πόλιας.

174 2809 246 2872 Τότε
254 2813 349 2890 μένδή
363 2813 434 2874 οὕτω
445 2812 629 2895 ἠγωνίσαντο·
644 2811 716 2890 μετά
726 2812 764 2883 δέ,
776 2811 921 2890 Ἀθηναῖοι
931 2817 988 2874 103

141 2901 194 2977 μὲν
201 2898 234 2960 τό
241 2900 373 2978 παράπαν
382 2900 569 2964 ἀπολιπόντες
575 2899 639 2964 τοῦς
646 2899 752 2970 Ἴωνας,
762 2903 941 2977 ἐπικαλεομέ-
953 2951 956 2958 ⁴

141 3013 191 3048 νου
214 2987 307 3064 σφέας
328 2988 425 3047 πολλά
446 2987 480 3047 δι’
501 2986 629 3069 ἀγγέλων
649 2987 864 3066 Ἀρισταγόρεω,
891 2985 941 3042 οὐκ

143 3076 255 3153 ἔφασαν
267 3073 436 3153 τιμωρήσειν
448 3076 546 3151 σφίσι.
582 3074 675 3137 Ἴωνες
684 3075 714 3132 δὲ
726 3077 777 3146 τῆς
788 3069 942 3142 Ἀθηναίων

142 3166 307 3245 συμμαχίης
326 3163 513 3239 στερηθέντες,
527 3161 610 3242 (οὕτω
628 3161 683 3240 γάρ
702 3165 759 3231 σφι
775 3155 883 3230 1ῙῚΓῆΡΧε
895 3179 941 3211 πε·

142 3254 280 3332 ποιημένα
306 3258 334 3316 ε’ς
360 3251 499 3328 Δαρεῖον,)
524 3249 602 3308 οὐδὲν
623 3245 658 3320 δή
679 3243 774 3319 ἧσσον
796 3238 846 3297 τᾶν
872 3238 943 3314 πρός
