2204 3430
172 126 202 177 τι
473 119 671 171 Ἥοοιουου·
905 121 966 188 [νι.

169 205 234 265 τότε
261 204 355 265 ἐόντας
378 203 540 278 βουλεῦσαι
564 200 635 260 κατὰ
658 200 743 278 νόμον
766 194 892 277 βασιλέα
914 206 971 266 τιῦν

170 293 275 352 παίδων
282 290 331 350 τόν
338 289 533 367 πρεσβύτερον
541 289 727 364 ποιήσασθαι·
739 283 827 349 οῦκων
836 290 871 366 δή
879 297 983 367 σφεας,

172 380 245 458 ἔχειν
266 377 397 453 ὁκότερον
419 377 543 447 ἕλωνται,
564 377 635 436 ὥστε
654 378 700 435 καὶ
718 376 820 453 όμοίων
838 377 884 435 καὶ
902 379 972 440 ’ίσιον

171 466 278 535 ἐόντων,
293 463 325 524 ού
342 465 509 541 δυναμένους
523 465 553 523 δὲ
565 462 706 545 γνῦναι,ἢ
728 464 773 522 καὶ
791 463 847 540 πρό
862 464 970 538 τούτου,

171 555 321 629 ἐπειρωτᾶν
338 552 390 627 τὴν
410 556 556 612 τεκοῦσαν·
576 551 628 626 τήν
646 551 676 610 δέ
697 550 760 611 οῦδὲ
778 550 865 627 αὐτὴν
883 552 971 628 φόναι

172 639 370 720 διαγινώσκειν,
386 640 487 699 εἰδυῖαν
499 642 551 716 μὲν
565 640 610 698 καὶ
622 638 656 699 τό
671 639 758 716 κάρτα
771 640 864 719 λέγειν
883 645 972 702 ταῦτα

169 727 348 803 βουλομένην
362 727 392 786 δέ
406 727 431 785 εί
443 752 495 790 κως
511 725 667 803 ἀμφότεροι
683 725 810 806 γενοίατο
823 727 970 802 βασιλέες·

170 815 234 877 τοῦς
251 813 288 874 ὧν
307 814 340 890 δή
354 813 587 890 Λακεδαιμονίους
600 811 736 890 ἀπορέειν
759 811 928 889 ἀπορέοντας
940 815 972 874 δὲ

170 903 289 979 πέμπειν
303 907 330 966 ἐς
344 900 485 977 Δελφούς,
501 901 732 977 ἐπειρησομένους
744 899 760 960 ὅ
773 925 801 959 τι
813 900 970 979 χρήσονται

169 994 207 1069 τῷ
220 989 376 1071 πρήγματι;
398 989 451 1065 τήν
463 988 492 1046 δὲ
506 989 616 1063 Πυθίην
631 987 752 1048 κελεύειν
769 989 862 1064 σφέας
876 987 969 1066 οἷμφό-

168 1103 235 1154 τερα
252 1078 287 1137 τό
306 1078 402 1136 παιδία
417 1075 582 1157 ἡγήσασθαι
595 1075 743 1150 βασιλέας,
757 1079 840 1152 τιμᾶν
854 1075 883 1134 δὲ
896 1079 970 1151 μᾶλ-

170 1168 223 1224 λον
240 1164 289 1224 τόν
307 1165 475 1244 γεραίτερον·
495 1161 548 1237 τήν
565 1165 616 1238 μὲν
633 1161 666 1237 δὴ
681 1163 791 1237 Πυθίην
807 1161 895 1221 ταῦτα’
913 1170 970 1239 σφι

170 1251 287 1311 όνελεῖν·
307 1253 384 1309 τοῖσι
403 1249 432 1307 δέ
449 1249 701 1325 Λακεδαιμονίοισι,
717 1246 869 1325 ἀπορέουσι
890 1249 970 1311 ούδέν

170 1338 258 1416 ᾖσσον
276 1337 345 1400 ὅκως
363 1334 493 1411 ἐξεύρωσι
511 1334 601 1394 αὐτῶν
618 1334 667 1394 τόν
685 1335 887 1413 πρεσβύτερον,
901 1335 969 1397 ῦπο·

171 1425 270 1485 θέσθαι
291 1422 376 1499 ἄνδρα
390 1421 557 1498 Μεσσήνιον
577 1426 615 1501 τῷ
631 1421 736 1500 ούνομα
749 1422 818 1482 εἶναι
832 1424 969 1500 Πανίτην·

169 1510 326 1570 ὑποθέσθαι
347 1511 376 1569 δὲ
396 1513 494 1569 τοῦτον
512 1509 562 1569 τόν
575 1509 700 1585 Πανίτην
713 1509 778 1569 τόδε
790 1514 867 1570 τοῖσι
879 1516 969 1571 Λακε-

170 1597 345 1674 δαιμονίοισι,
366 1595 490 1674 φυλιίξαι
509 1596 562 1672 τὴν
581 1597 745 1678 γειναμένην
764 1596 895 1674 ὁκότερον
914 1602 970 1660 τῶν

169 1686 284 1744 παιδίων
296 1683 433 1762 πρότερον
446 1684 523 1744 λούει
537 1685 583 1744 καὶ
596 1686 704 1755 σιτίζει·
726 1684 772 1742 καὶ
785 1683 819 1760 ἣν
831 1687 883 1762 μὲν
897 1685 969 1746 κατοῖ

169 1772 204 1833 τό
227 1771 297 1833 αύτεῖ
319 1773 452 1848 φαίνηται
474 1773 527 1831 αἰεὶ
548 1777 675 1842 ποιεῦσα,
689 1772 754 1836 τοῦς
775 1773 804 1831 δὲ
822 1776 879 1832 πᾶν
898 1774 969 1843 ἕξειν

170 1859 239 1920 ὅσον
260 1885 288 1920 τι
312 1861 358 1919 καὶ
382 1860 503 1936 δίζηνται
528 1860 573 1918 καὶ
595 1861 712 1920 θέλουσι
736 1860 862 1938 ἐξευρεῖν·
882 1858 917 1937 ἢν
938 1862 969 1921 δὲ

169 1953 311 2009 πλανᾶται
335 1949 381 2008 καὶ
405 1949 493 2024 ἐκείνη
518 1947 642 2016 ἐναλλὰξ
663 1951 791 2018 ποιεῦσα,
814 1947 889 2024 Ιδῆλιί
911 1957 969 2026 σφι

170 2037 286 2097 έσεσθαι
305 2036 341 2099 ὦς
358 2035 420 2095 οῦδὲ
434 2037 523 2111 ἐκείνη
536 2035 624 2095 πλέον
638 2034 717 2095 οὐδὲν
731 2035 796 2095 οἶδε·
819 2035 861 2094 ἐπ’
874 2034 969 2112 όλλην

168 2125 200 2183 τέ
217 2129 309 2200 σφεας
329 2123 486 2200 τραπέσθαι
504 2121 578 2182 ὁδόν·
600 2123 717 2182 ἐνθαῦτα
737 2122 771 2198 δή
791 2122 856 2186 τοῦς
874 2125 968 2200 Σπαρ

169 2211 272 2286 τιήτας,
293 2210 362 2269 κατὰ
384 2210 433 2272 τός
453 2214 503 2268 τοῦ
522 2210 689 2285 Μεσσηνίου
707 2209 856 2284 ὑποθήκας,
876 2209 968 2284 φυλό-

170 2297 268 2368 ξαντας
280 2295 332 2370 τήν
344 2297 450 2373 μητέρα
462 2299 517 2354 τοῖν
529 2295 736 2373 Ἀριστοδήμου
748 2297 852 2356 παίδων
864 2297 969 2372 λαβεῖν

170 2384 240 2443 κατεῖ
253 2384 289 2442 τό
303 2383 371 2442 αῦτά
386 2388 518 2459 τιμῦσαῦ
525 2381 575 2443 τόν
588 2383 723 2462 πρότερον
737 2385 782 2443 καῖ
796 2384 903 2444 σίτοισι
922 2385 969 2444 καὶ

170 2474 323 2548 λουτροῖσι,
338 2470 388 2529 ούκ
406 2471 507 2529 εἰδυῖαν
520 2475 575 2531 ταῖν
589 2471 690 2530 εἵνεκεν
704 2471 895 2548 ἐφυλάσσετο·
916 2474 969 2530 λα-

169 2559 274 2634 βόντας
292 2558 322 2616 δὲ
337 2556 370 2617 τό
389 2557 499 2618 παιδίον
511 2557 545 2617 τό
558 2558 713 2635 τιμώμενον
728 2558 798 2636 πρός
815 2563 865 2634 τῆς
877 2583 968 2639 γεινα-

169 2645 261 2726 μένης,
276 2643 312 2708 οῖς
325 2644 370 2704 ἐόν
386 2644 522 2724 πρότερον
540 2647 654 2722 τρέφειν
667 2651 696 2705 ἐν
708 2650 747 2724 τῷ
765 2646 898 2724 δημοσίῳ·
921 2648 971 2704 καί

171 2735 197 2792 οῖ
224 2731 329 2810 οῦνομα
351 2733 463 2808 τεθῆναι
490 2731 676 2811 Εὐρυσθένεα,
704 2737 742 2812 τῷ
769 2733 799 2792 δὲ
822 2733 968 2814 [νεωτέρῳ]

170 2821 312 2898 Προκλέα·
333 2820 445 2884 τούτους
455 2820 649 2898 ἀνδρωθέντας,
661 2819 760 2886 αύτούς
769 2846 800 2880 τε
813 2819 969 2896 ἀδελφεούς

170 2909 265 2972 ἐόντας
285 2908 403 2991 λέγουσι
424 2909 575 2987 διαφόρους
597 2909 666 2968 εἶναι
687 2908 736 2969 τόν
757 2907 849 2969 πάντα
865 2907 969 2988 χρόνον

168 3000 219 3073 τῆς
232 2995 296 3074 ζόης
306 2995 471 3072 ἀλλήλοισι,
480 2997 526 3056 καὶ
539 2995 605 3060 τοῦς
618 2996 674 3056 α’πό
688 2995 792 3056 τούτων
804 2996 970 3076 γενομένους

123 3087 161 3145 53
172 3084 301 3150 οῖσαύτως
314 3083 473 3144 διατελέειν.
514 3087 609 3144 Ταῦτα
625 3086 676 3161 μὲν
688 3081 901 3159 Λακεδαιμόνιοι
921 3085 969 3144 λέ-

169 3197 254 3252 γουσι
273 3175 372 3249 μοῦνοι
384 3169 537 3247 Ἑλλήνων·
558 3170 624 3230 τόδε
644 3170 674 3229 δέ
695 3169 764 3229 κατεῖ
780 3169 816 3230 τιῖ
829 3167 970 3250 λεγόμενα

170 3257 224 3319 ῦπδ
245 3258 389 3336 Ἑλλήνων
411 3257 465 3340 ἐγιῦ
485 3256 742 3338 γρόφω·...τούτουε
759 3255 823 3320 τοῦς
841 3257 971 3333 Δωριέων
