2240 3424
167 98 307 164 ιιι-ιιι]
478 100 664 152 ΚΑΛΛΙΟΠΗ.
913 103 961 150 335

165 181 220 236 τῶν
239 177 335 240 ἄλλων
353 183 408 240 τιῦν
425 180 597 257 περιοικίδων
618 181 664 239 καὶ
679 180 714 256 δη
730 179 776 240 καὶ
792 185 823 240 ἐκ
839 179 963 256 Καρδίης

166 266 265 332 πόλιος
281 267 430 345 Οἰόβαζος,
446 267 516 346 όνηρ
531 269 654 345 Πέρσης,
669 268 699 332 ὃς
711 269 747 328 τό
761 273 791 327 ἐκ
806 272 860 328 τῶν
876 275 961 349 γεφυ-

165 355 233 432 ρέων
253 353 329 414 ὅπλα
350 357 466 415 ἐνθαῦτα
481 355 516 431 ἦν
535 355 694 433 κεκομικώς·
719 356 795 434 εἶχον
812 355 842 414 δὲ
859 354 962 432 ταύτην

165 440 308 520 ἐπιχώριοι
323 443 445 511 Αἰολέες,
462 447 591 518 συνῆσαν
609 443 639 502 δὲ
655 444 767 520 Πέρσαι
787 469 818 503 τε
839 444 886 502 καὶ
906 447 961 504 τιῦν

164 527 260 590 ἄλλων
275 529 431 608 συμμάχων
449 530 553 609 συχνός
569 530 676 612 ὅμιλος.
716 530 893 608 Ἐτυρόννευε
911 531 940 590 δὲ
951 531 1006 589 116

132 643 137 652 ·
163 615 262 676 τούτου
274 621 325 677 τοῦ
342 621 429 693 νομοῦ
442 618 550 694 Ξέρξεω
562 618 687 697 ὕπαρχος
698 618 876 696 Ἀρταΰκτης,
890 617 960 697 ἀνὴρ

162 705 215 779 μὲν
228 706 351 782 Πέρσης,
365 704 453 768 δεινός
470 705 499 764 δέ
518 705 564 763 καὶ
577 704 748 768 οἶτιίσθαλος·
770 706 800 769 ῦς
813 708 860 766 καὶ
871 708 956 782 βασι-

163 791 217 850 λέα
243 792 393 852 ἐλαύνοντα
417 791 459 851 ἐπ’
485 791 605 868 Ἀθήνας
628 793 795 868 ἐξηπάτησε,
817 795 852 854 τῦ
880 801 959 870 Πρω-

162 879 280 938 τεσίλεω
298 883 349 938 τοῦ
362 878 490 955 Ἰφίκλου
503 880 635 958 χρήματα
651 881 682 948 ἐξ
697 879 875 943 Ἐλαιοῦντος
893 879 959 956 ύφε-
1008 931 1011 938 .

162 966 290 1042 λόμενος·
319 972 348 1026 ἐν
368 966 423 1046 γὰρ
444 966 603 1027 Ἐλαιοῦντι
617 971 668 1042 τῆς
689 966 874 1042 Χερσονήσου
896 969 957 1027 ἐστὶ

164 1055 349 1130 Πρωτεσίλεω
365 1054 457 1130 τάφος
471 1080 502 1115 τε
520 1056 567 1114 καὶ
581 1055 693 1132 τέμενος
709 1055 773 1132 περὶ
789 1055 879 1128 αὐτόν,
894 1056 959 1115 ἔνθα

163 1139 197 1215 ἦν
209 1142 340 1220 χρήματα
352 1143 457 1212 πολλὰ,
469 1143 515 1201 καὶ
525 1141 629 1218 φιιίλαι
637 1143 755 1223 χρύσεαι
764 1144 809 1203 καὶ
819 1141 958 1224 ἀργύρεαι,

163 1229 208 1288 καὶ
229 1230 344 1308 χαλκός,
366 1230 412 1288 καὶ
430 1230 533 1307 ἐσθὴς,
555 1232 601 1290 καὶ
624 1229 701 1289 όλλα
722 1229 894 1307 ἀναθήματα,
920 1231 956 1291 τυῖ

161 1315 330 1394 Ἀρταΰκτης
357 1317 489 1394 ἐσύλησε,
509 1319 649 1395 βασιλέος
675 1319 780 1381 δόντος·
813 1318 902 1398 λέγων
928 1319 958 1378 δὲ

161 1404 254 1464 τοιόδε
269 1398 372 1482 Ξέρξεα
388 1405 548 1481 διεβάλετο·
570 1417 587 1442 “
596 1407 727 1479 δέσποτα,
747 1406 808 1466 ἐστι
825 1405 900 1468 οἶκος
912 1406 957 1466 οἷν

161 1491 226 1567 δρῦς
233 1490 374 1570 Ἕλληνος
387 1495 513 1565 ἐνθαῦτα,
527 1495 557 1558 ὃς
570 1495 616 1553 ἐπὶ
628 1499 683 1576 γῆν
695 1493 746 1569 τὴν
759 1493 815 1570 σὴν
827 1519 957 1570 στρατευ-

161 1579 290 1656 σόμενος,
304 1582 380 1658 δίκης
393 1582 516 1659 κυρήσας
526 1581 654 1642 ἀπέθανε·
675 1581 774 1642 τούτου
786 1608 836 1659 μοι
850 1581 897 1644 δός
909 1581 959 1664 τόν

162 1667 245 1738 οἶκον,
268 1670 311 1729 ἵνα
332 1671 381 1729 καί
395 1695 437 1732 τις
454 1670 531 1750 μόθη
550 1671 595 1730 ἐπὶ
611 1675 664 1748 γῆν
680 1670 731 1746 τήν
747 1670 803 1746 σὴν
818 1670 858 1748 μὴ
872 1695 957 1748 στρα-

160 1754 315 1817 τεύεσθαι·”
330 1762 417 1818 ταῦτα
430 1761 527 1839 λέγων,
542 1758 674 1821 εὐπετέως
686 1759 788 1834 ἔμελλε
797 1757 959 1818 ἀναπείσειν

160 1845 265 1918 Ξέρξεα
278 1845 372 1905 δοῦναι
384 1844 484 1922 οἷνδρός
497 1846 580 1918 οἶκον,
595 1845 672 1905 οῦδὲν
684 1845 895 1921 ύποτοτιηθέντα
903 1849 958 1905 τῦν

161 1934 263 1995 ἐκεῖνος
276 1932 399 2007 ἐφρόνεε·
417 1934 463 1990 ἐπὶ
475 1937 530 2012 γῆν
543 1933 573 1990 δὲ
582 1933 633 2007 τὴν
642 1932 781 2007 βασιλέος
791 1930 958 2008 στρατεύεσ-

161 2018 209 2076 θαι
229 2020 430 2094 Πρωτεσίλεων
450 2020 537 2099 ἔλεγε,
557 2019 640 2078 νοέων
659 2017 761 2076 τοιάδε·
787 2017 839 2093 τὴν
857 2018 959 2093 Ἀσίην

160 2107 258 2164 πᾶσαν
274 2107 417 2182 νομίζουσι
435 2109 540 2166 ἑωυτῶν
557 2105 626 2166 Ιεἶναι
642 2105 762 2182 Πέρσαι,
777 2105 823 2163 καὶ
837 2109 888 2165 τοῦ
904 2107 957 2165 αἰεὶ

159 2191 372 2268 βασιλεύοντος·
395 2193 454 2253 ἐπεὶ
469 2193 499 2251 δέ
517 2193 599 2269 ἐδόθη
616 2192 651 2253 τό
669 2191 809 2270 χρήματα,
823 2193 854 2262 ἐξ
865 2191 959 2251 Ἐλαι-

161 2283 257 2344 οῦντος
270 2285 298 2343 ἐς
311 2280 424 2356 Σηστόν
438 2279 599 2357 ἐξεφόρησε,
615 2280 660 2339 καὶ
672 2278 705 2340 τῦ
718 2280 829 2356 τέμενος
847 2281 958 2357 ἔσπειρε

161 2368 206 2428 καὶ
224 2369 345 2445 ἐνέμετο·
366 2367 450 2432 αῦτός
466 2394 498 2428 τε
515 2367 584 2430 ὅκως
602 2366 729 2427 ἀπίκοιτο
743 2373 770 2431 ἐς
783 2367 957 2439 Ἐλαιοῦντα,

161 2461 189 2515 ἐν
201 2460 240 2534 τῷ
253 2456 342 2535 ἀδύτῳ
354 2456 463 2538 γυναιξὶ
477 2454 618 2536 ἐμίσγετο.
652 2455 716 2516 τότε
726 2455 756 2515 δὲ
765 2455 958 2533 ἐπολιορκέετο

160 2543 215 2604 ῦπῦ
227 2543 387 2620 Ἀθηναίων,
403 2543 466 2604 όῦτε
478 2545 740 2621 παρεσκευασμένος
754 2548 781 2606 ἐς
794 2544 958 2621 πολιορκίην

160 2629 224 2691 οὔτε
245 2632 466 2709 προσδεκόμενος
488 2632 553 2696 τοῦς
568 2631 720 2707 Ἕλληνας·
752 2631 904 2712 ἀφυλάκτῳ
928 2631 959 2690 δέ

160 2745 213 2782 κως
223 2719 295 2798 αύτῷ
302 2720 449 2778 ἐπέπεσον.
478 2718 559 2779 Ἐπεὶ
570 2719 599 2778 δέ
612 2720 875 2797 πολιορκεομένοισί
882 2725 938 2794 σφι
948 2717 1006 2780 117

160 2805 338 2882 φθινόπωρον
358 2807 507 2886 ἐπεγίνετο,
531 2807 576 2865 καὶ
596 2805 747 2885 ἤσχαλλον
768 2810 795 2866 οἱ
816 2805 959 2882 Ἀθηναῖοι

160 2891 216 2952 α’πό
232 2918 264 2953 τε
280 2897 331 2968 τῆς
349 2897 453 2952 ἑωυτῶν
471 2893 674 2969 ἀποδημέοντες
694 2895 739 2952 καὶ
761 2894 793 2953 οῦ
814 2893 959 2969 δυνάμενοι

160 2980 265 3050 ἐξελεῖν
285 2980 318 3039 τό
338 2983 439 3058 τεῖχος,
458 2980 566 3041 ἐδέοντό
587 3005 618 3040 τε
637 2985 692 3040 τιῦν
708 2983 872 3060 στρατηγῶν
890 2979 959 3042 ὅκως

112 3075 118 3086 ’
159 3067 295 3150 οἰποίγοιέν
316 3074 408 3143 σφεας
426 3067 526 3138 ὀπίσω,
549 3071 576 3127 οἱ
597 3068 627 3127 δὲ
649 3067 699 3127 οὐκ
719 3069 838 3143 ἔφασαν,
856 3067 921 3144 πρὶν
941 3063 960 3142 ἢ

129 3225 131 3231 Ι
160 3157 278 3226 ἐξέλωσι
290 3154 308 3232 ἢ
320 3156 353 3216 τῦ
365 3153 519 3232 Ἀθηναίων
532 3154 624 3218 κοινόν
633 3160 726 3232 σφεας
735 3153 959 3233 μεταπέμψηται·

160 3243 231 3306 οὕτω
243 3243 278 3322 δὴ
288 3244 421 3326 ἔστεργον
434 3242 470 3305 τό
482 3242 630 3323 παρεόντα.
674 3246 711 3304 Οἱ
724 3241 747 3304 δ’
761 3247 791 3304 ἐν
803 3247 842 3324 τῷ
853 3244 941 3324 τείχεϊ
950 3244 983 3302 ll

991 3243 1004 3256 Γ

987 3283 988 3296 1
